1947 2424
226 187 609 245 'fflffifflitatemsunm
631 208 794 246 nunquam
813 210 834 234 a
854 198 1014 234 communi
1035 198 1176 233 omnium
1196 199 1301 234 salute
1323 199 1514 246 seiungunt,
1542 198 1679 234 dtm-
1695 197 1732 233 in

222 259 343 297 'dm
366 272 519 299 crescere
539 262 698 299 arbitrati.
753 261 900 298 Illustria
928 263 998 298 eins
1025 262 1221 299 concordiae
1248 263 1439 299 documenta
1465 262 1577 311 posita
1598 266 1675 298 snut
1695 262 1732 298 in

238 325 394 372 exe-plis
416 324 668 361 Pharisaeorum
683 326 822 361 >caedem
840 338 971 360 suorum
991 337 1057 360 non
1080 326 1209 373 impune
1235 327 1407 362 sinentinm
1429 325 1489 361 sed
1510 326 1670 361 ultionem
1690 325 1731 360 ab

237 388 422 425 auctoribus
434 389 546 424 caedis
561 389 775 437 repetentium
788 402 819 424 v.
828 389 961 425 c.Antt.
980 391 1036 434 13,
1051 391 1106 433 16,
1123 390 1156 425 2.
1170 391 1227 426 cll.
1247 393 1303 436 14,
1319 393 1340 425 2
1356 394 1434 437 post
1444 394 1581 425 mortem
1591 389 1730 425 lausei

236 452 416 488 Alexandri
432 456 568 499 propter
587 453 843 500 octingentorum
861 452 1110 487 Pharisaeorum
1129 457 1269 501 stragem
1286 454 1435 489 miseram
1456 457 1491 488 et
1505 453 1551 488 ih.
1569 456 1627 498 17,
1641 455 1678 498 9,
1691 455 1728 488 9.

237 506 374 564 propter
389 515 546 551 smantia
566 516 670 552 aiii-0
691 517 788 551 iusta
804 516 1024 551 mihinam-
1045 528 1118 551 eam
1135 517 1305 564 discipulis
1321 518 1466 552 Herodi.
1482 518 1575 553 im-
1591 516 1728 552 fimi,

236 580 463 615 extincturum.
509 579 611 627 Atqui
633 580 890 627 consaguineos
915 579 1125 626 superstitum
1146 592 1262 616 caesos
1282 581 1358 616 illos
1379 581 1502 625 fuisse,
1524 580 1572 616 itu
1585 584 1623 615 ut
1637 591 1728 615 more

238 643 441 678 orientalium
461 654 591 678 snorum
610 643 875 678 interfectoribus
898 647 1056 689 cognatos
1077 648 1245 691 oporteret
1263 644 1434 679 vindictam
1461 655 1586 679 sumere
1612 642 1726 688 (Anti.

239 708 296 751 16,
309 709 345 753 9,
361 707 411 753 1.)
419 731 430 750 ,
452 706 505 740 vix
517 706 684 753 probabile
696 707 835 742 videtur.
883 706 976 753 Ergo
992 707 1128 742 saevitia
1139 707 1387 742 Pharisaeorum
1403 707 1535 742 caedem
1549 706 1651 742 caede
1665 717 1727 741 ex-

235 771 318 818 piari
334 770 565 818 postulantium
578 767 636 805 aut'
645 770 763 805 nullam
777 770 876 805 habet
889 770 1137 817 explicationem
1155 775 1212 806 aut
1228 771 1298 806 eius
1311 782 1410 805 causa
1427 769 1610 817 quaerenda
1623 773 1677 804 est
1691 770 1726 804 in

237 834 431 880 cognatione
452 832 630 867 studiorum
651 836 684 867 et
704 833 819 867 artium
838 845 905 868 non
922 833 1029 867 minus
1046 833 1104 867 illa
1123 834 1299 868 animorum
1318 833 1538 868 concili-trice
1557 844 1650 879 qnam
1663 844 1725 867 co-

236 898 347 945 gnatio
377 896 506 943 generis
535 907 574 931 ac
602 895 780 943 sanguinis.
831 895 939 931 Huius
960 899 1067 931 autem
1092 897 1296 943 cognationis
1318 897 1587 932 necessitudinem
1608 896 1724 931 summi

236 962 355 997 factam
374 972 396 995 a
412 959 599 994 Pharisaeis
622 959 778 995 videmus.
826 959 879 996 Ita
893 961 978 996 enim
989 959 1086 995 Philo
1100 960 1141 996 «le
1155 972 1195 996 ea
1205 961 1303 996 verba
1316 961 1415 995 fecit:
1441 963 1475 1005 2,
1490 962 1575 1004 438,
1586 962 1634 995 47
1645 973 1656 994 =
1681 958 1723 996 τὸ

237 1025 428 1073 συγγενὲς
445 1021 510 1069 οὐχ
524 1024 643 1070 αἵματι
652 1028 820 1072 μετρεῖται
833 1021 961 1071 μόνον,
983 1022 1259 1073 πρπανωσύσης
1272 1023 1451 1073 ἀληθείας,
1474 1022 1559 1061 ἀλλὰ
1572 1022 1724 1073 πράξεων

236 1087 409 1137 ὁμοιότητι
420 1089 475 1124 καὶ
489 1086 584 1136 θήρᾳ
596 1088 662 1123 τῶν
673 1086 792 1124 αὐτῶν.
811 1087 904 1123 Arm·
920 1090 954 1132 2,
967 1090 1050 1123 494.
1070 1088 1137 1123 Ex.
1155 1090 1212 1133 24,
1227 1089 1262 1124 8.
1309 1089 1440 1135 Duplex
1453 1092 1504 1123 est
1516 1087 1722 1134 cognationis

237 1154 382 1201 species:
402 1163 467 1186 uua
483 1151 661 1195 hominum,
687 1163 749 1197 qua
766 1151 922 1197 originem
935 1150 1033 1185 habet
1048 1162 1068 1185 a
1087 1152 1279 1196 maioribus,
1291 1153 1294 1157 ’
1305 1153 1406 1186 altera
1420 1152 1606 1194 animarum,
1628 1150 1721 1184 cuius

237 1216 430 1264 principium
442 1219 492 1249 est
505 1214 663 1261 sapientia
676 1216 710 1258 2,
719 1216 754 1257 6,
764 1216 798 1249 7.
806 1216 895 1250 οἰκία
907 1216 963 1250 καὶ
977 1218 1148 1260 συγγένεια
1163 1216 1220 1250 καὶ
1233 1217 1353 1263 πατρὶς
1366 1213 1507 1261 οὐδεμία
1521 1215 1613 1249 ἐστὶν
1624 1217 1723 1262 ἑτέρα

208 1318 211 1321 ,
236 1281 332 1330 σοφῷ
347 1279 401 1316 ὅτι
412 1277 459 1326 μὴ
470 1277 585 1327 ἀρεταὶ
599 1291 626 1313 κ.
638 1280 675 1313 αἱ
687 1276 764 1314 κατ’
780 1276 902 1327 ἀρετὰς
915 1277 1058 1327 πράξεις.
1089 1281 1123 1323 2,
1137 1281 1219 1322 320,
1234 1281 1292 1313 36.
1313 1278 1378 1313 Ex.
1394 1280 1452 1322 32,
1466 1280 1524 1312 26.
1540 1279 1653 1326 φιλίαν
1665 1279 1724 1313 καὶ

237 1348 429 1389 συγγένειαν
451 1345 488 1378 ἒν
508 1340 548 1378 τὸ
570 1343 734 1390 θεοφιλές.
759 1342 797 1376 it.
811 1343 894 1385 600,
910 1343 968 1376 33.
990 1343 1024 1385 2,
1038 1342 1121 1385 659,
1136 1343 1195 1376 42.
1216 1342 1259 1376 cs.
1272 1341 1371 1376 Mtth.
1388 1343 1443 1384 12,
1456 1342 1625 1375 48-50.
1674 1340 1723 1375 Et

235 1409 311 1442 hinc
323 1407 423 1450 illud,
445 1405 531 1452 quod
547 1411 773 1453 φαρισαῖοι
787 1404 1015 1451 praedicantur
1030 1404 1279 1453 φιλάλληλοί
1293 1419 1329 1439 τε
1343 1406 1398 1439 καὶ
1412 1402 1475 1451 τὴν
1488 1408 1535 1447 εἰς
1549 1402 1590 1438 τὸ
1605 1402 1721 1439 κοινὸν

235 1469 448 1519 ὁμόνοιαν
461 1468 643 1513 ἀσκοῦντες
654 1468 697 1502 Β.
711 1467 741 1502 I.
757 1469 790 1502 2.
806 1469 841 1512 8,
860 1470 915 1512 14,
941 1480 1022 1515 quae
1038 1468 1230 1512 concordia,
1251 1468 1478 1511 communitas,
1499 1467 1645 1502 fraterna
1660 1467 1720 1502 «le-

210 1536 215 1542 “
234 1537 331 1583 nique
346 1535 539 1569 unanimitas
554 1537 591 1567 ut
605 1531 789 1567 efficeretur
801 1543 862 1578 per
875 1532 1054 1565 universum
1073 1532 1226 1579 populum
1246 1532 1352 1578 legem
1369 1531 1476 1566 datam
1493 1543 1567 1565 esse
1581 1542 1721 1566 censue-

235 1604 311 1634 runt
325 1599 377 1644 (2,
390 1599 472 1641 395,
482 1599 539 1631 14.
555 1596 599 1631 cf.
614 1597 648 1639 2,
662 1596 745 1639 659,
754 1596 844 1641 42.).
883 1594 979 1638 Quod
994 1595 1024 1638 si
1034 1606 1101 1628 >una
1112 1606 1201 1629 mens
1216 1594 1476 1638 Pharisaeorum,
1499 1606 1581 1628 unus
1595 1594 1719 1629 animus

234 1662 298 1697 fuit
311 1662 420 1708 (Ar-m·
433 1663 467 1705 2,
480 1661 582 1707 456),
607 1658 745 1693 dubitari
763 1670 828 1692 non
849 1660 972 1705 potest,
991 1657 1068 1704 quin
1087 1658 1181 1692 unius
1201 1657 1349 1705 corporis
1370 1668 1526 1704 compage
1547 1656 1667 1692 inclusi
1686 1661 1720 1693 et

235 1725 452 1773 coagmentati
464 1725 596 1759 fuerint.
626 1723 713 1758 Tum
725 1734 800 1758 vero
815 1734 879 1757 uon
894 1721 997 1756 solum
1009 1721 1151 1768 ipsarum
1162 1733 1268 1756 rerum
1279 1721 1541 1756 pharisaicam
1554 1721 1720 1765 rivatim,

236 1788 396 1836 quomodo
412 1788 551 1824 civitatis
563 1786 714 1821 Iudaicae
727 1786 820 1820 ruina
832 1787 997 1832 superstes
1014 1795 1088 1819 esse
1099 1784 1253 1831 potnerit,
1276 1783 1478 1830 intelligetur
1488 1783 1638 1831 planius,
1660 1783 1723 1820 sed

236 1854 333 1888 etiam
344 1864 452 1887 rerum
472 1851 725 1887 christianarum
737 1848 913 1896 primordia
926 1851 961 1882 et
976 1847 1130 1882 librorum
1145 1847 1191 1882 N.
1207 1847 1253 1881 T.
1271 1847 1458 1882 testimonia
1470 1851 1505 1881 et
1516 1839 1720 1883 hierdmhioe

233 1914 583 1951 Romano-catholicae
597 1918 663 1947 tum
676 1913 818 1959 origines
832 1916 897 1946 tum
910 1912 1060 1946 instituta
1070 1911 1179 1946 multis
1191 1910 1298 1946 nodis
1312 1910 1570 1946 illustrabuntur.

332 1978 405 2015 Sed
418 1978 501 2013 haec
514 1977 670 2012 hactenus
684 1975 847 2024 praefatus
865 1986 927 2023 ego
944 1973 1037 2020 Vos,
1060 1973 1308 2011 Gor-militenen
1323 1973 1516 2020 Caris-imi,
1537 1973 1723 2014 duffio

234 2046 431 2091 rogatusque
450 2041 568 2089 cupio,
591 2044 628 2076 ut
643 2039 858 2084 solemnibus,
876 2050 958 2087 que
974 2039 1119 2083 insunt,
1136 2037 1422 2074 mmmmm
1441 2037 1575 2101 grati-u
1580 2034 1722 2090 1163ss-

233 2109 284 2147 Μ.
305 2106 473 2155 eiieiuque
491 2104 584 2141 Patri
602 2103 680 2140 Iesu
699 2103 837 2141 Clu-isti
831 2100 943 2152 agere
960 2102 1066 2140 velitis
1086 2113 1181 2150 qn-
1200 2101 1375 2151 nmmos,
1398 2101 1455 2150 qni
1472 2098 1540 2151 pseu
1554 2101 1722 2141 m
