1947 2424
250 223 295 265 9,-
310 222 372 267 1.).
421 220 494 257 Ηίο.
509 221 572 256 etsi
592 234 659 257 non
676 220 821 265 infitior,
845 219 1095 258 Pharisaeorum
1115 234 1181 257 non
1201 234 1325 270 paucos
1349 234 1369 258 a
1390 222 1535 258 Ianuaeo
1556 223 1748 261 Alexandro

249 281 420 320 crucifixos
438 290 471 320 et
488 286 528 320 ab
542 285 676 320 Herode
695 284 746 319 M.
766 286 855 319 vivos
877 284 1002 330 aliquot
1024 286 1211 320 combustos
1230 286 1356 321 narrari
1371 286 1484 332 (Antt.
1502 289 1559 331 13,
1577 290 1634 332 14,
1652 291 1685 323 1.
1701 288 1748 323 cs.

251 349 308 392 16,
323 350 356 383 2.
369 348 419 375 ’-
435 352 490 393 17,
505 351 540 393 6,
555 351 578 383 4
594 349 708 395 extu),
722 352 829 383 tamen
842 347 882 382 ab
896 346 1030 384 Herode
1044 348 1094 383 M.
1109 349 1228 384 scimus
1243 361 1302 384 eos
1315 350 1504 397 plerumque
1520 355 1586 386 tam
1600 351 1747 387 clemen-

249 416 298 447 ter
317 412 446 448 habitos
463 413 526 459 (ib.
554 412 610 456 15,
631 413 666 456 8,
697 413 730 446 2.
751 412 831 457 βίαν
850 408 985 456 ἐπάγειν
1004 410 1146 460 ἄκαιρον
1169 410 1282 459 ᾤετο),
1304 417 1340 448 ut
1358 413 1514 450 Hillelem
1534 427 1574 450 ac
1591 412 1747 451 Sameam

246 473 495 510 Pharisaeorum
515 487 690 522 proceres,
725 475 863 509 remisso
887 474 1087 518 iuramento,
1124 480 1283 522 perpetuo
1305 477 1449 521 coleret,
1479 479 1543 523 (ib.
1568 479 1626 522 15,
1654 482 1687 522 1,
1711 483 1746 514 1.·

251 541 306 583 10,
320 540 362 585 4)
381 540 500 574 ceteris
522 544 628 575 autem
647 538 819 574 iuramenti
840 538 1129 582 detrectatoribus,
1146 539 1305 575 *mulctam
1320 540 1485 576 dumtaxat
1502 543 1689 589 imponeret
1703 555 1746 580 ac,

247 601 455 636 traditionum
466 603 726 637 Pharisaicarum
737 612 796 647 per
802 600 975 635 Nicolaum
987 601 1224 636 Damascenum
1238 607 1400 637 oratorem
1416 604 1569 639 defensor
1583 617 1623 640 ac
1636 611 1744 641 stator.

248 665 416 699 existeret.

343 727 414 762 Sed
428 733 550 772 restat,
573 734 610 764 ut
623 729 799 775 potentiam
815 729 1065 763 Pharisaeorum
1080 727 1313 762 hierarchicam
1327 741 1388 775 per
1399 734 1510 777 partes
1525 733 1738 779 explicemus,

247 796 280 826 et
296 803 450 837 quaenam
465 792 648 826 sacerdotio
665 792 737 825 iura
751 791 890 834 fuerint,
919 796 953 826 et
968 795 1122 837 quatenus
1137 791 1195 824 illa
1210 802 1282 825 cum
1295 791 1484 828 Pharisaeis
1502 797 1739 832 communicata

247 855 421 889 videamus.
468 855 516 890 Et
534 854 711 900 generatim
733 853 861 899 quidem
880 854 1040 901 Iosephus
1060 865 1090 888 c.
1112 853 1177 899 Ap.
1202 855 1236 896 2,
1259 855 1317 888 21.
1341 866 1509 891 commuue
1530 858 1737 894 sacerdotum

247 919 297 952 ius
313 917 544 961 ordinationis,
569 917 876 961 administrationis,
896 917 1128 963 inspectionis,
1151 916 1203 949 ius
1216 916 1412 962 liturgicum,
1433 919 1485 952 ius
1499 920 1736 957 iurisdictionis

246 985 342 1027 atque
356 979 547 1027 disciplinae
563 980 620 1014 sub
637 976 791 1027 auspiciis
803 979 976 1015 Pontificis
993 980 1043 1015 M.
1057 978 1268 1014 exercendum
1280 980 1440 1016 attribuit.
1487 981 1614 1017 Horum
1628 988 1736 1020 autem

243 1045 360 1078 iurium
374 1044 514 1077 omnium
525 1043 723 1078 Pharisaeos
737 1047 906 1078 consortes
921 1043 1024 1078 fuisse
1036 1043 1191 1077 videmus.
1240 1043 1288 1078 Et
1301 1044 1437 1090 primum
1451 1045 1580 1091 quidem
1592 1046 1644 1081 ius
1665 1060 1735 1082 or-

247 1106 482 1142 dinationis
514 1106 598 1153 quod
621 1107 754 1151 attinet,
787 1110 898 1154 partes
919 1107 989 1142 eius
1011 1106 1052 1140 ad
1072 1117 1165 1141 unam
1185 1118 1295 1141 omnes
1318 1107 1633 1154 comprehenduntur
1653 1123 1735 1147 voce

244 1171 324 1206 Iesu
344 1170 468 1205 Christi
488 1170 588 1204 Mtth.
609 1172 667 1213 23,
690 1172 730 1203 2:
759 1169 851 1206 Ἐπὶ
869 1171 942 1218 τῆς
969 1172 1181 1212 Μωϋσέως
1203 1172 1426 1216 καθέδρας
1452 1169 1675 1209 ἐκάθισαν
1699 1179 1736 1211 οἱ

245 1240 453 1283 γραμματεῖς
466 1235 521 1268 καὶ
538 1236 573 1268 οἱ
585 1240 770 1281 φαρισαῑοι,
787 1233 813 1266 i.
828 1244 859 1267 e.
870 1233 977 1267 Mosis
990 1233 1097 1267 locum
1110 1236 1233 1276 teuent,
1254 1232 1324 1266 eius
1338 1233 1424 1267 vices
1437 1235 1582 1281 explent,
1597 1249 1734 1273 succes-

247 1309 340 1333 sores
355 1302 389 1332 et
404 1297 516 1332 vicarii
531 1296 601 1330 eius
611 1297 647 1330 in
657 1296 722 1330 vita
735 1299 826 1339 sunt,
850 1308 917 1330 non
936 1295 1033 1329 modo
1055 1296 1117 1341 qua
1136 1294 1327 1342 disciplinae
1348 1296 1416 1330 eius
1430 1298 1549 1332 alumni
1565 1311 1647 1346 opus
1662 1302 1733 1337 eius

247 1362 438 1397 continuant
458 1359 690 1395 et-doctrinam
707 1363 888 1405 propagant
906 1379 956 1384 -
978 1358 1099 1406 ἡμεῖς
1118 1358 1179 1394 τοῦ
1195 1360 1365 1402 Μωυσέως
1379 1362 1475 1405 ἕςμὲν
1486 1364 1645 1410 μαθηταὶ
1657 1363 1732 1400 Iob.

247 1427 282 1468 9,
297 1425 356 1458 28.
370 1424 437 1470 ipsi
449 1422 643 1469 profitentur
654 1422 732 1456 item
747 1422 830 1465 484,
843 1423 901 1456 22.
926 1421 1014 1457 Gen.
1032 1421 1088 1464 15,
1104 1422 1137 1455 5.
1160 1428 1250 1465 τοῖς
1266 1425 1479 1467 Μωϋσέως
1497 1427 1734 1474 γνωρίμοις

246 1487 348 1535 ἡμῖν
367 1485 472 1522 οὐδὲν
485 1484 617 1522 τούτων
631 1484 772 1521 ἀπωδόν
794 1488 897 1528 ἐστιν,
917 1485 1009 1520 Arm.
1026 1487 1060 1528 2,
1078 1486 1157 1520 180.
1184 1484 1270 1520 Gen.
1287 1486 1342 1529 15,
1361 1490 1416 1521 ll.
1459 1487 1571 1531 „Nos
1590 1489 1734 1535 Moysi

247 1550 325 1585 adh
333 1561 454 1584 aeren
463 1554 503 1583 te
513 1561 528 1583 s
543 1549 759 1595 placitumque
773 1549 919 1594 magistri
932 1544 1078 1583 manibus
1092 1552 1266 1583 noscentes
1273 1550 1297 1570 “
1311 1550 1343 1592 2,
1352 1550 1432 1593 260,
1450 1552 1506 1585 16.
1523 1553 1557 1595 2,
1572 1554 1657 1597 264,
1677 1557 1733 1589 19.

247 1616 461 1656 Μωϋσέως
476 1613 678 1662 φοιτηταὶ
695 1613 764 1646 καὶ
778 1608 989 1658 γνώριμοι.
1033 1611 1087 1645 De
1103 1613 1294 1659 καθέδρα
1303 1623 1333 1645 v.
1342 1610 1450 1647 Sirac.
1461 1615 1517 1658 12,
1530 1616 1587 1649 12.
1597 1615 1735 1651 oaPhi-

246 1679 377 1713 lostrat.
393 1678 450 1711 vit.
463 1676 577 1722 Apoll.
592 1675 646 1709 ed.
659 1674 791 1719 Kayser
805 1673 845 1708 de
859 1674 977 1708 throno
992 1673 1140 1717 latonae,
1159 1674 1344 1720 philosophi
1357 1674 1430 1709 Iud.
1446 1677 1506 1720 43,
1523 1678 1582 1712 24.
1598 1679 1657 1723 54,
1674 1682 1733 1718 29.

250 1742 308 1785 56,
325 1743 402 1782 13,,
430 1739 585 1774 Phraotis
605 1737 693 1783 regis
712 1749 743 1771 V.
755 1737 813 1771 vit.
829 1735 978 1783 Sophist.
995 1737 1054 1779 50,
1068 1738 1127 1770 31.
1142 1737 1209 1778 32;
1241 1736 1455 1783 sophistarum
1474 1739 1556 1774 ibid.
1573 1742 1655 1785 274,
1674 1744 1734 1778 24.

247 1804 372 1838 Romae
387 1803 433 1836 ib.
453 1804 535 1845 274,
552 1803 610 1835 28.
624 1800 764 1835 Athenis
777 1803 841 1833 etc.
854 1819 903 1824 —
913 1819 964 1824 —
976 1799 1036 1834 sed
1052 1800 1167 1843 etiam,
1193 1804 1348 1845 quatenus
1371 1801 1477 1836 divino
1493 1802 1601 1837 Mosis
1621 1804 1736 1845 affiatu

247 1867 376 1901 illorum
392 1865 497 1899 instar
519 1865 724 1912 septuaginta
743 1862 856 1910 populi
874 1874 1045 1909 procerum
1065 1862 1167 1908 (265,
1189 1863 1262 1907 45.,
1290 1863 1387 1898 Νιιιιι.
1407 1863 1476 1908 xl,
1499 1867 1562 1912 17)
1585 1867 1737 1907 instincti

248 1930 357 1964 munia
368 1927 477 1963 Mosis
492 1928 617 1971 omnia,
640 1927 824 1973 βασιλείαν,
845 1927 1069 1970 νομοθεσίαν,
1089 1928 1305 1974 προφητείαν,
1320 1925 1567 1977 ἀρχιερωσύνην
1581 1931 1635 1975 (2,
1653 1935 1738 1977 135,

252 1993 286 2028 5.
301 1994 337 2036 2,
353 1992 434 2035 163,
457 1991 516 2025 33.
541 1991 577 2034 2,
590 1992 674 2035 416,
688 1991 747 2024 46.
763 1988 828 2035 47)
851 1988 975 2035 pariter
997 1988 1126 2024 obirent
1146 2000 1187 2024 ac
1204 1988 1321 2029 Ioanni
1340 1988 1493 2034 Hyrcano
1516 2003 1556 2027 ea
1572 2005 1738 2042 peragere

242 2056 435 2101 contigerat
447 2054 558 2099 (Antt.
576 2055 632 2097 13,
647 2055 705 2096 10,
719 2054 753 2088 7.
768 2052 812 2086 Β.
825 2051 862 2089 Ι.
873 2055 906 2095 1,
920 2053 954 2096 2,
968 2053 1022 2098 8).
1058 2052 1152 2091 Idem
1162 2052 1232 2087 fere
1248 2052 1287 2087 de
1302 2052 1571 2097 Pharisaeisnon
1585 2058 1740 2096 declan-

253 2124 307 2155 tur
321 2117 447 2166 quidem
461 2116 521 2153 sed
538 2114 738 2164 significatur
752 2113 917 2162 legatione
937 2114 1170 2163 quinquaginta,
1183 2115 1322 2150 virorum
1343 2121 1422 2163 post
1442 2122 1580 2160 nortem
1592 2120 1739 2159 Herodis

1308 2179 1335 2215 C
1360 2182 1382 2214 2
