1947 2424
920 113 956 161 β’
1006 141 1151 147 ..—

188 226 371 265 voluntaria
397 228 462 259 tum
475 233 534 269 pro
546 220 632 266 lege*
643 222 708 254 tum
723 218 758 253 in
778 219 899 266 templo
915 217 1083 254 subeunda
1098 222 1164 253 no'n
1180 216 1303 253 deeora
1319 220 1449 253 tait-‘n
1465 220 1691 270 espmwb

187 293 260 327 bilis
280 289 342 323 vsed
363 289 397 320 in
417 284 550 328 fastigio
577 282 746 315 felicitatis
769 282 921 327 ponenda
945 292 1021 315 esse
1044 281 1231 315 videbatun
1273 280 1316 313 B.
1337 279 1372 315 I.‘
1388 283 1420 324 l,
1442 283 1501 325 33,
1523 283 1558 315 2·
1583 282 1692 325 ,mh-W

189 357 276 390 εἶναι
287 371 335 377 —-
347 349 432 396 ὑπὲρ
451 347 514 381 τοῦ
529 346 675 393 πατρίου
695 343 806 391 νόμου
821 343 995 392 θνήςκειν·
1016 351 1088 388 τοῖς
1099 342 1162 392 γὰρ
1182 341 1274 380 ὀὕτω
1296 345 1491 381 τελευτῶσι,
1508 343 1692 384 ἀθᾶὼόν

190 431 226 452 τε
247 412 352 462 ψυχὴν
375 412 431 445 καὶ
452 408 511 454 τὴν
533 411 569 442 ἐν
589 407 740 453 ἀγαθοῖς
760 411 922 456 αϊςθησιν
945 406 1083 444 αἰώνιον
1102 409 1313 456 παραμένειν.
1343 407 1390 441 ib.
1407 409 1515 452 2510,
1528 410 1564 442 4.
1595 408 1692 445 Ant«.

194 482 247 523 17,
263 480 296 521 6,
315 478 348 510 2.
369 473 473 520 c.Ap.
490 473 524 515 2,
545 473 604 507 30.
621 491 671 498 ——
683 473 778 508 Antt.
797 474 831 517 8,
851 476 882 517 l,
898 474 933 507 4.
956 470 1093 519 Ἰώαβος
1108 474 1148 508 δὲ
1165 470 1226 508 οὐκ
1239 474 1301 521 ἔφη
1317 473 1529 520 καταλείψειν
1544 472 1583 510 τὸ
1598 472 1691 522 ἱερὸν

186 541 253 578 ἀλλ’
270 539 375 575 αὐτοῦ
390 534 620 582 τεθνήξεςθαι
631 538 761 582 μᾶλλον
778 535 798 584 ἢ
815 539 851 571 ἐν
865 539 965 584 ἑτέρῳ
975 538 1093 584 χωρίῳ.
1115 535 1159 570 cf.
1173 536 1216 570 Β.
1229 535 1304 570 Iud.
1319 538 1354 579 4,
1368 538 1403 580 3,
1422 538 1466 571 10
1481 537 1528 571 in.
1552 536 1691 573 Unio-n

187 605 292 640 adhuc
305 603 405 637 liceat
424 600 647 648 superioribus
664 600 845 647 exemplum
859 599 993 644 addere,
1013 600 1218 646 qnod-genus
1233 604 1335 634 totum
1349 600 1384 635 in
1397 612 1434 635 se
1448 601 1689 648 complectitur:

188 668 249 702 wld.
271 670 292 701 3
308 668 356 700 in.
381 663 484 702 Καθ’
512 663 552 700 ὃν
571 662 697 711 χρόνον
716 665 810 712 φῆλιξ
829 665 889 712 τῆς
900 662 1069 707 Ἰουδαίας
1086 662 1311 711 ἐπετρόπευεν
1332 663 1506 709 (53-61
1525 677 1560 712 p.
1578 664 1619 701 G.
1637 667 1690 712 n.)

185 736 316 779 ἱερεῖς
336 742 432 772 τινας
452 741 501 763 συ
512 726 663 774 νήθεις
681 728 757 771 ἐμοὶ
775 726 933 770 καλοὺς
953 725 1151 771 κὰγαθού
1162 739 1179 769 ς
1194 748 1229 752 -
1244 725 1353 775 δήσας
1374 725 1562 776 εἰςῬώμην
1583 731 1689 775 ἔπερ·

183 808 264 842 ψεν,
291 791 393 839 λόγον
415 790 603 840 ὑφέξοντας
623 790 669 835 τῷ
690 790 853 838 Κασίαρι.
905 788 1108 825 Sacerdotes
1128 789 1328 825 Pharisaeos
1353 790 1386 824 h.
1410 790 1435 824 l.
1455 790 1622 837 designari
1640 793 1692 828 vel

181 871 223 892 ex
239 869 278 891 eo
301 860 413 902 potest
431 854 593 898 intelligi,
619 853 706 897 qnod
719 852 863 898 Iosepho
882 853 1086 886 adolescenti
1099 857 1132 886 et
1150 853 1216 898 ipsi
1228 853 1409 886 Pharisaeo
1426 858 1597 888 consortes
1620 859 1693 890 stu—

181 921 310 955 diorum
321 918 422 953 fnisse
437 916 659 965 perhibentur,
675 914 756 949 haee
766 919 818 950 est
826 915 911 950 enim
918 915 967 950 vis
982 915 1130 950 vocabuli
1138 913 1304 965 συνήθης,
1317 915 1459 952 Nicolao
1467 916 1688 964 Damascena,

184 983 379 1031 philosopho
414 979 635 1026 Peripatetico
645 1002 656 1021 ,
693 975 838 1012 Herodis
869 979 919 1013 Μ.
948 967 1213 1025 historiographo
1251 980 1344 1025 regni
1375 984 1459 1014 teste
1487 981 1521 1014 in
1551 982 1688 1017 Miilleri

184 1047 316 1092 Fragm.
331 1045 420 1079 Hist.
434 1042 512 1078 Vet.
528 1041 609 1076 Vol.
623 1040 690 1075 ΙΠ.
704 1054 738 1089 p.
755 1043 838 1086 430,
855 1054 886 1076 a.
901 1054 957 1076 no.
971 1041 1053 1076 VII.
1076 1042 1123 1076 ita
1142 1042 1325 1077 scribente:
1347 1040 1412 1078 Ἦν
1424 1047 1472 1087 εἰς
1484 1042 1527 1079 τὰ
1541 1044 1690 1089 μάλιστα

180 1111 336 1156 -Καίσαρι
356 1109 402 1152 τῷ
420 1110 482 1152 νέῳ
502 1104 700 1153 συνήθης
720 1107 777 1140 καὶ
792 1107 887 1153 φίλος
900 1104 1113 1153 Ἀγρύππας,
1136 1108 1180 1140 ἐν
1200 1104 1337 1153 ταύτῷ
1361 1120 1404 1142 τε
1423 1109 1690 1154 παιδευθείς

180 1176 240 1208 καί
254 1186 329 1207 τινα
344 1175 426 1215 ἔχων
439 1167 629 1217 ὑπερβολὴν
643 1170 817 1216 ἑταιρείας.
838 1168 911 1203 Sed
927 1168 1003 1214 quid
1019 1170 1082 1203 sibi
1096 1169 1162 1203 vult
1176 1169 1365 1215 epitheton:
1383 1169 1540 1214 καλοὺς
1559 1171 1609 1208 κά
1615 1186 1666 1217 γα
1678 1196 1689 1201 -

183 1241 238 1271 sto
248 1235 268 1270 ύ
277 1234 317 1279 g?
358 1233 520 1268 Nimirum
532 1233 596 1267 hoc
612 1233 789 1266 asceticam
802 1232 1054 1266 Pharisaeorum
1068 1232 1224 1278 pietatem
1240 1233 1359 1279 arguit,
1382 1237 1418 1268 ut
1432 1234 1487 1280 qni
1502 1232 1690 1271 Stoicorum

186 1301 337 1335 decreto:
362 1296 472 1344 μόνον
492 1295 532 1332 τὸ
553 1295 659 1332 καλὸν
678 1294 815 1340 ἀγαθὸν
836 1297 923 1330 εἶναι
943 1295 1225 1341 obtemperantes,
1250 1297 1338 1331 victu
1358 1298 1448 1332 tenni
1469 1309 1508 1332 ac
1522 1299 1579 1332 vili
1593 1300 1690 1335 vitam

182 1364 374 1404 tolerarent,
401 1361 487 1394 sicut
508 1360 531 1393 1.
547 1360 571 1393 1.
587 1360 685 1406 paulo
702 1364 779 1406 post
795 1358 927 1392 disertis
941 1358 1048 1392 verbis
1064 1358 1217 1393 traditum
1231 1359 1385 1405 legimus:
1407 1359 1469 1396 οὐκ
1485 1360 1688 1403 ἐξελάθοντο

182 1429 243 1474 τῆς
264 1430 311 1468 εἰς
333 1423 374 1460 τὸ
402 1427 499 1458 θεῖον
519 1422 704 1467 εὐσεβείας,
733 1425 952 1470 διετρέφοντο
978 1423 1018 1456 δὲ
1045 1420 1197 1464 σύκοις
1221 1425 1292 1458 καὶ
1317 1423 1507 1472 καρύοις,
1537 1425 1687 1461 Danielis

177 1488 336 1535 exemplo
352 1486 554 1534 prophetae,
580 1487 633 1520 eui
650 1485 811 1532 quondam
831 1483 993 1532 ὄσπρια
1013 1486 1084 1519 καὶ
1104 1486 1297 1533 φοίνικες
1316 1490 1363 1530 εἰς
1383 1486 1571 1537 διατροφὴν
1588 1490 1690 1525 suffe-

183 1557 299 1588 cerant
322 1551 417 1585 Antt.
444 1551 500 1592 10,
525 1551 581 1592 10,
602 1551 636 1583 2.
670 1549 760 1583 Dan.
780 1553 810 1591 l,
838 1550 879 1581 12
905 1548 958 1581 ubi
973 1547 1100 1581 LXX:
1125 1547 1284 1596 ὀσπρίων.
1318 1549 1418 1596 Vulg.
1434 1551 1605 1597 legumina.
1636 1552 1689 1587 Io.

181 1615 299 1662 Lydus
329 1614 368 1648 de
394 1613 574 1648 mensibus.
605 1611 669 1647 IV.
694 1624 728 1659 p.
748 1613 805 1655 54,
829 1613 862 1645 5.
889 1613 923 1647 οἱ
949 1609 996 1646 δι’
1030 1610 1097 1647 ὀνε
1107 1613 1178 1660 ίρω
1189 1627 1207 1647 ν
1235 1615 1334 1657 θείας
1359 1621 1469 1659 τυχεῖν
1495 1618 1689 1664 ἐπιφανείας

183 1678 443 1728 ὀρεγόμενοι-
460 1677 535 1711 scil.
552 1679 639 1725 συκῆ
661 1675 830 1722 σκεδαστὴ
847 1675 1033 1722 φαρμάκων
1054 1678 1126 1711 ἐστί
1148 1695 1195 1701 -
1218 1677 1405 1721 ἰσχάδων
1425 1681 1481 1714 καὶ
1500 1678 1612 1724 μόνων
1631 1695 1688 1726 με-

182 1741 454 1790 ταλαμβάνουσι.
496 1741 654 1777 Enstath.
670 1739 739 1775 Od.
760 1741 814 1782 10,
831 1741 912 1773 341.
928 1751 962 1785 p.
981 1741 1083 1782 1963,
1100 1741 1144 1773 52
1159 1739 1211 1774 ed.
1228 1740 1325 1774 Rom.
1346 1740 1461 1786 ἰσχάσι
1474 1759 1521 1773 =
1536 1757 1563 1778 τ.
1578 1745 1689 1793 ξυροῖς

184 1823 212 1842 τ.
225 1809 346 1843 συκῶν.
374 1807 480 1842 Clem.
495 1806 553 1839 Al.
572 1804 698 1840 Strom.
715 1805 749 1836 2.
771 1816 804 1848 p.
821 1805 903 1843 413,
919 1802 950 1835 b.
969 1801 1122 1847 Sylburg.
1136 1802 1306 1836 Zenonem
1328 1805 1374 1837 ait
1388 1805 1524 1839 iussisse
1543 1818 1608 1841 non
1622 1809 1686 1843 nisi

187 1882 315 1916 panem,
339 1868 439 1914 ἰσχά
450 1871 472 1904 δ
482 1882 531 1912 ας
559 1873 593 1902 et
614 1877 729 1913 aquam
752 1877 892 1899 sumere.
942 1865 1058 1899 Alexis
1083 1864 1168 1910 apud
1186 1865 1388 1900 Athenaeum
1411 1869 1443 1911 2,
1467 1869 1524 1902 55.
1548 1882 1582 1915 p.
1608 1873 1686 1905 101'.

188 1933 362 1968 Tanchnit.
385 1931 576 1979 ἰσχάδας
607 1930 745 1965 delicias
766 1929 812 1962 ait
834 1927 937 1962 fuisse
958 1932 991 1962 et
1014 1927 1174 1973 quoddam
1199 1928 1291 1973 quasi
1311 1928 1478 1966 hellarium
1498 1944 1686 1980 pauperum.

188 1996 285 2041 Diog.
299 1997 345 2031 L.
358 1996 421 2039 VI,
437 1999 471 2039 2,
487 1997 545 2030 25.
577 1995 749 2039 Diogenes
770 1990 914 2034 ἐλάας,
938 1991 1128 2037 Aristippus
1149 1989 1335 2036 ἰσχάδας
1354 1994 1525 2029 comedere
1547 1998 1686 2032 solebat.

189 2058 355 2104 Aristoph.
368 2058 459 2094 Plut.
474 2061 556 2094 811.
570 2058 684 2093 ridens
699 2057 739 2093 τὸ
755 2055 908 2104 ὑπερῶον
922 2052 1022 2099 ἰσχοί
1028 2055 1052 2089 δ
1060 2068 1085 2089 ω
1094 2068 1113 2089 ν
1124 2057 1223 2100 γέμει.
1249 2056 1293 2091 ib.
1310 2059 1393 2092 798.
1415 2056 1456 2093 οὐ
1470 2071 1498 2102 y.
1514 2062 1688 2108 πρεπῶδές

188 2126 260 2157 ἐστι
287 2124 332 2166 τῷ
352 2122 544 2168 διδαςκοίλῳ
568 2121 749 2167 ἰσχάδια
777 2122 834 2155 καὶ
859 2118 994 2167 τρωγά
1005 2120 1074 2154 λια
1100 2126 1172 2161 τοῖς
1194 2123 1377 2164 θεωμένοις
1404 2122 1608 2168 προβαλόντ’
1628 2127 1683 2160 ἐπὶ
