1947 2424
958 110 1027 152 16

244 223 301 259 ml
320 223 364 264 γέ
369 229 413 253 νο
422 228 439 259 ς
462 228 490 250 τ.
503 213 771 262 Ἱεροσολυμιτῶν
784 231 833 236 —-
844 207 1135 256 μετενδυσαμενοι
1148 209 1295 256 σάκκους
1307 231 1357 238 -
1370 220 1534 250 παντοῖοι
1554 214 1636 260 τοὺς
1653 213 1738 265 ἀφε-

244 285 371 341 φῶτας
384 278 652 328 παρακαλοῦντες
665 275 762 323 ἦσαν.
785 275 832 309 ib.
849 258 907 318 20,
925 275 960 318 8,
976 275 1012 309 8.
1037 272 1371 317 'Eg'a‘ntetoa—t'
1350 279 1597 327 ἀρχιερεῦσι
1618 278 1740 324 στάσις

244 349 329 397 πρὸς
350 361 377 382 τ.
397 347 524 391 ἱερεῖς
541 342 598 377 καὶ
617 355 645 376 τ.
664 337 861 387 πρώτους
879 354 909 376 τ
930 336 1127 387 πλήθους
1144 353 1173 375 τ.
1191 338 1470 389 Ιεροσολυμιτῶν.
1491 342 1538 376 ib.
1553 343 1612 385 20,
1628 343 1664 385 8,
1682 347 1740 378 11.

241 415 410 458 πέμπουσι
423 425 471 431 -—
484 403 572 453 πρὸς
587 406 729 452 Νέρωνα
747 417 777 438 τ
795 401 995 452 πρώτους
1014 404 1119 439 δέκα
1138 405 1194 439 καὶ
1208 401 1389 454 Ἰσμάηλον
1414 419 1444 442 τ.
1465 403 1666 455 ἀρχιερέα
1686 408 1744 442 καὶ

239 475 368 512 Ἑλκίαν
387 485 415 506 τ.
433 466 719 517 γαζοφύλακα.
745 468 788 502 Β.
803 467 834 502 Ι.
848 469 883 511 2,
901 469 958 512 12,
976 470 1011 502 6.
1037 466 1111 504 Δύο
1128 469 1168 504 δὲ
1184 471 1319 518 ἑτέρους
1337 484 1365 507 τ.
1382 469 1694 507 δυνατωτάτων
1713 482 1743 505 κ.

239 538 320 581 τοὺς
334 535 544 583 ἀρχιερεῖς
562 530 740 580 Ἰωνάθην
756 531 834 577 (17,
849 534 871 565 9
884 532 950 578 ib.)
966 534 1022 567 καὶ
1036 530 1195 568 Ἁνανίαν
1210 533 1273 578 (ih.
1288 536 1323 578 2,
1340 536 1396 578 12,
1413 536 1448 568 6.
1472 536 1529 578 17,
1544 536 1578 568 2.
1592 536 1627 568 9.
1648 533 1743 568 Autt.

240 604 296 644 20,
311 603 345 643 9,
361 600 396 632 2.
408 617 516 623 --
528 597 587 632 καί
599 609 696 640 τινας
708 594 833 639 ἄλλους
843 594 1026 632 Ἰουδαίων
1040 597 1279 644 γνωρίμους
1295 596 1490 645 ἀνέπεμψεν
1503 599 1559 634 ἐπὶ
1572 599 1744 646 Καίσαρα.

235 666 280 700 ib.
298 665 332 708 2,
349 664 406 706 14,
422 663 458 697 8.
483 658 803 711 προςολθόντες
832 661 920 696 οἵτε
943 659 1166 710 ἀρχιερεῖς
1189 674 1215 697 κ.
1237 662 1445 705 δυνατοὶ,
1468 661 1509 699 τό
1528 676 1571 699 τε
1592 676 1745 712 γνωρι-

237 727 440 775 μώτατον
458 741 488 762 τ.
506 724 635 769 πόλεως
655 725 729 761 πᾶν
742 727 962 772 παρέστησαν
978 726 1025 770 τῷ
1043 724 1186 772 βήματι,
1206 724 1236 759 F
1238 726 1302 759 lori
1319 727 1555 772 procuratoris.
1576 726 1622 760 ib.
1640 727 1696 770 15,
1711 728 1745 760 2.

238 795 273 827 οἱ
297 790 486 827 δυνατοὶ
513 788 578 825 σὺν
600 802 627 824 τ.
656 787 902 836 ἀρχιερεῦσι
928 801 954 823 τ.
977 789 1122 835 έςθῆτας
1141 786 1403 836 περιερρήξαντο.
1429 789 1476 823 ib.
1497 791 1533 823 4.
1563 786 1747 834 Ὀνομαστὶ

239 858 278 892 δὲ
293 857 327 891 οἱ
347 852 568 902 ἀρχιερεῖς
586 854 732 888 ἕκαστον
746 865 774 887 τ.
794 852 1014 899 γνωρίμων
1036 853 1091 887 καὶ
1108 853 1203 899 κοινῇ
1218 851 1258 888 τὸ
1278 853 1446 899 πλῆθος
1466 854 1621 888 ἱκέτευον.
1649 852 1695 887 ib.
1709 855 1744 887 6.

236 916 550 967 μεταπεμψάμενος
568 935 618 941 -
637 915 768 964 φλῶρος
785 935 835 941 -
857 913 940 959 τούς
967 930 1003 952 τε
1034 914 1249 964 ἀρχιερεῖς
1274 929 1302 950 κ.
1335 914 1396 963 τὴν
1428 914 1588 964 βουλήν
1606 936 1656 941 -
1674 919 1744 965 ἔφη.

238 985 286 1018 ib.
306 984 363 1026 16,
381 983 416 1015 2.
441 979 626 1017 Ἰουδαίων
644 980 734 1016 οἵτε
755 977 970 1027 ἀρχιερεῖς
989 979 1062 1026 ἅμα
1081 994 1108 1015 τ.
1125 982 1339 1023 δυνατοῖς
1357 981 1414 1015 καὶ
1436 978 1459 1028 ἡ
1478 978 1611 1028 βουλὴ
1631 982 1744 1028 παρῆν

240 1047 440 1092 δεξιουμένη
465 1043 527 1080 τὸν
557 1046 707 1089 βασιλέα.
738 1043 785 1077 ib.
805 1045 860 1086 17,
883 1045 918 1077 2.
950 1042 1057 1079 πολλὰ
1087 1057 1116 1079 τ.
1136 1042 1366 1092 ἀρχιερέων
1392 1044 1448 1079 καὶ
1474 1057 1503 1079 τ.
1528 1045 1744 1092 γνωρίμων

242 1106 545 1160 παρακαλούντων.
569 1108 616 1142 ib.
631 1110 667 1143 3.
693 1104 921 1150 συνελθόντες
938 1110 973 1144 οἱ
991 1109 1171 1143 δυνατοὶ
1195 1114 1266 1151 τοῖς
1278 1106 1525 1156 ἀρχιερεῦσι
1542 1110 1746 1144 συνίσταπο

240 1177 299 1210 καὶ
326 1174 393 1209 τῶν
414 1172 660 1221 φαρισαίων
682 1174 727 1207 οἱ
756 1171 957 1219 γνώριμοι
987 1170 1031 1214 ὡς
1049 1169 1105 1207 ἐπ’
1131 1169 1326 1219 ἀνηκέστοις
1344 1169 1410 1219 ἤδη
1429 1177 1620 1220 συμφοραῖς
1645 1173 1747 1217 ἐβου-

239 1238 384 1275 λεύοντο
407 1237 484 1284 περὶ
504 1249 534 1271 τ.
550 1233 644 1271 ὅλων.
663 1235 711 1270 ib.
730 1235 764 1269 5.
790 1232 934 1278 Τούτοις
954 1233 1193 1283 θαρσήσαντες
1213 1237 1247 1270 οἱ
1266 1236 1451 1271 δυνατοὶ
1471 1233 1536 1271 σὺν
1556 1249 1586 1271 τ.
1600 1234 1650 1284 ἀρ
1654 1250 1747 1281 χιε-

241 1305 368 1351 ρεῦσι
397 1301 455 1334 καὶ
475 1300 548 1334 πᾶν
569 1297 653 1334 ὅσον
674 1299 736 1333 τοῦ
765 1296 968 1346 πλήθους
994 1297 1165 1347 εἰρήνην
1194 1296 1339 1345 ἠγάπα
1357 1296 1418 1346 τὴν
1438 1296 1510 1334 ἅνω
1528 1300 1748 1346 καταλαμβά-
1774 1340 1776 1342 ,

241 1379 363 1402 νονται
383 1361 496 1400 πόλιν.
520 1363 546 1396 i.
562 1373 593 1396 e.
607 1361 780 1396 Pharisaei
800 1360 915 1409 δήμου
936 1360 976 1397 τὸ
993 1361 1243 1411 καθαρώτατον
1259 1363 1316 1397 καὶ
1333 1364 1609 1411 εἰλικρινέστατον
1628 1362 1746 1412 εἰρή-

242 1443 321 1478 νην
347 1427 474 1473 ἄγειν
496 1427 740 1474 προηρημένον.
765 1424 809 1459 Β.
832 1424 863 1459 Ι.
890 1426 924 1468 2,
950 1426 1006 1469 16,
1031 1426 1066 1459 4.
1086 1444 1136 1450 -
1156 1425 1201 1459 ib.
1218 1427 1251 1469 2,
1275 1427 1332 1469 20,
1355 1428 1390 1461 3.
1421 1424 1553 1473 Ἡρέθη
1573 1423 1747 1474 Ἰώσηπος,

241 1492 321 1536 υίὸς
342 1491 519 1537 Γορίωνος
541 1489 595 1533 (4,
613 1490 648 1531 3,
669 1490 704 1522 9.
725 1490 761 1532 6,
784 1489 836 1533 l.)
856 1489 913 1523 καὶ
932 1486 951 1523 ὁ
977 1486 1201 1536 ἀρχιερεὺς
1219 1486 1358 1532 Ἄνανος
1376 1489 1442 1524 τῶν
1462 1488 1548 1525 κατὰ
1568 1487 1628 1537 τὴν
1646 1489 1754 1536 πόλιν,

240 1555 406 1594 ἁπάντων
417 1550 676 1601 αὐτοκράτορες.
688 1551 734 1585 ib.
744 1552 780 1594 4,
790 1552 824 1594 3,
833 1553 868 1585 9.
888 1553 925 1587 οἱ
938 1554 1136 1598 προέχειν
1149 1553 1332 1595 δοκοῦντες
1350 1550 1461 1589 αὐτῶν
1474 1574 1522 1579 -
1535 1568 1563 1590 τ.
1576 1552 1692 1602 δήμου
1701 1574 1749 1580 -

241 1620 419 1668 Γωρίων
434 1630 471 1653 τε
488 1614 564 1659 υἱὸς
578 1612 752 1663 Ἰοσήπου
767 1616 825 1650 καὶ
843 1613 862 1650 ὁ
873 1613 1093 1662 Γαμαλιήλου
1112 1614 1253 1661 Συμεὼν
1269 1616 1342 1660 (vit.
1359 1617 1417 1650 38.
1432 1618 1509 1663 39.)
1523 1616 1750 1667 παρεκρότουν

243 1689 281 1721 ἐν
302 1698 329 1720 τ.
345 1681 533 1730 ἐκκλησίως
547 1677 709 1729 ἀθρόους
728 1679 785 1714 καὶ
806 1676 882 1714 κατ’
906 1679 1000 1714 ἰδίαν
1019 1677 1194 1727 περιιόντες
1213 1681 1376 1722 ἕκαστον,
1398 1677 1463 1728 ἤδη
1483 1683 1567 1717 ποτὲ·
1587 1683 1750 1726 τίσαςθαι

241 1748 325 1793 τοὺς
346 1747 521 1794 λυμεῶνας
541 1745 600 1793 τῆς
622 1742 839 1791 ἐλευθερίας,
864 1744 900 1777 οἵ
921 1756 957 1778 τε
979 1741 1205 1789 δοκιμώτατοι
1229 1756 1255 1778 τ.
1275 1741 1523 1792 ἀρχιερέων,
1546 1747 1692 1791 Γαμαλᾶ
1711 1761 1747 1793 μ.

242 1813 315 1858 υἱός
332 1812 471 1860 Ἰησοῦς
495 1810 549 1856 (4,
567 1811 603 1844 3.
628 1811 663 1852 5,
685 1809 720 1842 2.
746 1807 804 1841 vit.
826 1807 907 1852 41.)
931 1805 1073 1843 Ἀνάνου
1094 1821 1130 1843 τε
1144 1806 1291 1850 Ἄνανος
1313 1807 1366 1852 (5,
1387 1809 1421 1841 2.
1441 1807 1534 1843 Autt.
1551 1810 1608 1852 20,
1636 1812 1670 1853 9,
1698 1812 1749 1856 1.)

242 1875 350 1914 πολλὰ
372 1889 400 1911 τ.
421 1876 537 1923 δῆμον
561 1891 611 1898 -—-
630 1869 807 1920 ἐπήγειρον
828 1876 901 1913 τοῖς
920 1871 1085 1918 ζηλωταῖς.
1108 1870 1154 1903 ib·
1176 1871 1209 1913 5,
1236 1871 1291 1913 13,
1312 1872 1344 1904 l·
1369 1869 1511 1919 ἱερεύς
1528 1885 1578 1916 τις
1595 1870 1749 1919 Ἀνανίας

245 1942 316 1986 υίὸς
333 1936 581 1986 Μασαμβάλου
605 1937 673 1973 τῶν
693 1933 914 1983 ἐπισήμων
936 1936 993 1970 καὶ
1010 1933 1029 1969 ὁ
1049 1932 1265 1982 γραμματεὺς
1283 1947 1311 1970 τ.
1332 1936 1491 1983 βουλῆς
1511 1935 1681 1985 Ἀριστεὺς
1699 1959 1747 1964 -

246 2007 303 2040 καὶ
322 2004 385 2040 σὺν
405 2003 541 2045 τούτοις
562 2001 808 2037 πεντεκαίδεκα
829 1998 912 2033 τῶν
935 1996 1019 2032 ἀπὸ
1041 1998 1118 2032 τοῦ
1139 1995 1279 2043 δήμου
1302 1998 1502 2048 λαμπρῶν
1524 1998 1746 2049 ἀναιροῦνται.

247 2067 386 2103 Perinde
406 2067 441 2102 in
459 2065 575 2101 codiee
591 2064 636 2101 N.
650 2065 697 2100 T.
716 2061 918 2099 coniunctim
938 2065 1072 2107 agentes
1093 2060 1285 2096 inducuntur
1305 2074 1378 2097 mox
1395 2066 1438 2100 οἱ
1459 2060 1673 2114 ἀρχιερεῖς
1690 2067 1748 2102 καὶ

247 2134 283 2167 οἱ
300 2137 479 2179 φαρισαῖοι.
498 2129 620 2164 Matth.
636 2132 695 2172 21,
709 2129 769 2163 45.
795 2128 853 2168 27,
870 2126 929 2159 62.
954 2123 1028 2158 Ioh.
1046 2126 1079 2165 7,
1095 2125 1152 2157 32.
1167 2126 1226 2158 45.
1250 2124 1316 2168 XI,
1330 2128 1391 2161 47.
1406 2126 1464 2160 57.
1482 2128 1537 2170 18,
1553 2130 1588 2162 3.
1613 2139 1688 2162 mox
1711 2131 1747 2164 οἱ
