1947 2424
279 229 383 273 λαιὸς,
400 228 517 274 inquit,
537 225 659 273 ᾄδεται
671 224 773 271 λόγος
784 223 854 261 ὑπὸ
866 240 903 271 μ.
917 227 1033 276 σοφῶν
1045 226 1210 277 εὑρεθεὶς,
1228 227 1341 277 μνήμῃ
1358 229 1419 271 δὲ,
1443 229 1513 263 οἶα
1529 230 1649 276 φιλεῖ,
1670 227 1782 265 κατ-οὶΧ

279 289 488 337 διαδοχὰς
508 290 792 339 παραδοθεὶς
810 296 903 334 τοῖς
923 295 1155 338 μετέπειτα
1177 294 1259 339 348,
1275 296 1331 329 13.
1379 293 1426 329 At
1437 304 1513 328 vero
1530 291 1638 326 emnia
1650 292 1779 339 proni-

276 369 352 393 seue
367 356 530 399 omnibns,
553 365 637 401 pura
648 354 806 399 impuris,
833 367 928 389 sacra
948 356 1097 401 profanis
1119 358 1354 392 communicem
1372 357 1465 392 nefas
1482 356 1658 390 habebatur
1678 360 1777 401 atque

274 420 455 467 profanum.
502 419 732 454 Μεταδοτέον
758 416 800 454 οὐ
814 418 904 454 πᾶσι
925 416 1064 455 πάντων
1077 417 1162 456 ἀλλὰ
1185 421 1251 457 τῶν
1264 421 1514 471 ἐφαρμοζόντων
1534 424 1607 463 τοῖς
1626 419 1779 467 ληψομέ-

275 495 351 526 νοις.
384 483 418 525 2,
435 483 518 525 231,
534 484 570 516 9.
592 484 649 517 10.
682 482 732 519 Οὐ
754 484 862 519 πᾶσιν
883 486 1105 531 ἐπιτρεπτέον
1130 483 1174 520 τὰ
1196 486 1287 521 θεοῦ
1308 486 1473 533 καθορᾷς*
1495 482 1669 532 ἀπόρρητα
1692 480 1778 518 ἀλλὰ

271 545 391 591 μόνοις
412 551 486 589 τοῖς
508 547 716 592 δυναμένοις
736 545 826 583 αὐτὰ
852 549 1077 596 περιστέλλειν
1100 549 1157 583 καὶ
1176 547 1363 597 φυλάττειν.
1384 551 1443 593 76,
1461 550 1519 583 39.
1554 546 1631 582 Non
1654 558 1779 581 omnem

269 610 438 644 veritatem
458 611 615 645 convenit
638 611 748 646 dicere
773 611 860 658 apud
883 623 1012 646 omnes.
1037 612 1130 647 Arm.
1148 613 1182 657 2,
1206 614 1287 648 298.
1310 612 1397 648 Gen.
1413 614 1471 657 20,
1494 613 1550 647 10.
1575 609 1617 648 οὐ
1639 610 1776 647 πάντων

269 676 491 722 κοινωνητέον
511 676 621 711 πᾶσιν
636 674 716 711 οὔτε
739 674 846 720 λόγων
865 673 944 710 οὔτε
964 674 1172 723 πραγμάτων
1187 678 1241 711 καὶ
1257 674 1403 722 μάλιστα
1422 676 1527 723 ἱερῶν.
1571 673 1693 711 Πολλὰ
1714 674 1778 725 γὰρ

269 737 491 787 προῦπάρξαι
513 741 568 775 δεῖ
589 745 665 783 τοῖς
689 742 878 788 ἐφιεμένοις
900 737 957 786 τῆς
978 741 1161 785 μετουσίας
1173 737 1311 775 τούτων.
1337 741 1372 783 2,
1387 740 1469 783 658,
1483 741 1530 773 42
1545 751 1595 785 sq.
1620 739 1665 774 cf.
1678 739 1779 774 Mtth.

269 807 306 847 7,
324 806 359 837 6.
409 803 482 837 Imo
499 815 577 838 vero
596 807 712 838 sancta
730 807 763 837 et
781 803 837 849 pia
851 806 959 837 mente
974 803 1130 837 maiorum
1152 802 1192 837 de
1213 803 1309 837 rebus
1330 804 1432 837 sacris
1452 803 1574 849 placita
1594 806 1628 837 et
1649 803 1782 839 decreta

273 874 305 903 ct
321 867 516 914 accipienda
533 879 607 901 esse
627 872 660 901 et
682 865 842 900 tradenda
863 867 1050 912 censebant.
1099 866 1171 899 Hac
1186 870 1292 900 mente
1305 866 1465 912 Iosephus
1490 866 1530 899 de
1553 865 1781 900 traditionibus

273 932 373 966 verba
393 930 556 964 facturum
572 929 750 964 Nicolaum
769 932 932 962 oratorem
950 928 1075 962 inducit
1090 928 1251 963 dicentem
1267 928 1360 963 Antt.
1383 930 1440 973 16,
1457 931 1490 973 2,
1505 931 1546 963 4:
1567 943 1594 965 τ.
1613 930 1706 965 ἐθῶν
1725 930 1782 965 καὶ

272 995 315 1032 τὸ
338 996 401 1031 τοῦ
421 991 551 1042 χρόνου
577 991 721 1041 τιμητὸν
743 993 1043 1035 δυςαποδίὸακτον
1066 994 1153 1027 εἶναι
1173 999 1245 1035 τοῖς
1266 990 1388 1035 ὁσίως
1407 991 1688 1040 παρειληφόσι
1710 982 1780 1028 καὶ

276 1056 664 1108 διαφυλάττουσιν
685 1057 710 1090 i.
736 1068 767 1090 e.
789 1068 808 1089 a
828 1055 996 1090 vetustatis
1022 1054 1230 1089 traditionum
1251 1055 1432 1089 reverentia
1455 1067 1551 1102 aegre
1575 1055 1780 1092 discessuros

277 1135 366 1167 esse,
383 1122 566 1169 quicunque
584 1132 643 1155 eos
658 1121 713 1166 pia
728 1124 834 1154 mente
850 1124 883 1154 et
898 1119 1083 1165 acceperint
1098 1123 1131 1153 et
1141 1118 1337 1153 custodiant.
1362 1119 1453 1154 Idem
1464 1120 1537 1154 aliis
1553 1121 1637 1154 locis
1652 1121 1686 1154 in
1699 1132 1780 1155 ean-

278 1187 352 1220 dem
369 1186 566 1219 sententiam
580 1184 727 1229 loquitur
747 1183 793 1216 ib.
813 1183 869 1225 12,
887 1183 921 1225 2,
936 1183 970 1215 4.
986 1180 1029 1224 ὡς
1050 1180 1154 1229 ἁγνῆς
1174 1179 1280 1229 οὔσης
1293 1195 1323 1217 τ.
1341 1184 1551 1229 νομοθεσίας
1563 1185 1620 1219 καὶ
1639 1182 1685 1231 μὴ
1701 1185 1780 1220 δένο

276 1248 385 1297 αὐτὴν
408 1247 611 1295 βεβήλοις
634 1244 825 1291 στόμασι
846 1246 1178 1292 διασαφεῖσθαι.
1202 1245 1244 1278 Β.
1258 1244 1289 1279 Ι.
1315 1246 1349 1288 5,
1365 1248 1401 1289 9,
1415 1248 1469 1280 4.z
1484 1245 1567 1291 Ἐγὼ
1580 1249 1643 1292 μὲν
1656 1248 1780 1294 φρίττω

274 1312 320 1348 τὰ
341 1315 424 1360 ἔργα
438 1312 503 1347 τοῦ
525 1311 615 1346 θεοῦ
633 1311 735 1354 λέγων
755 1311 803 1351 εἰς
823 1307 1029 1351 ἀναξίους
1054 1306 1194 1351 ἀκοάς.
1219 1307 1349 1343 Pariter
1363 1308 1495 1343 Philoni
1516 1314 1580 1344 stat
1601 1313 1779 1347 sententia:

276 1376 407 1420 ὁσίως
426 1372 624 1424 ἑρμηνεύειν
646 1371 691 1421 τὰ
712 1371 817 1408 ὅσια.
838 1373 921 1415 610,
939 1373 995 1406 10.
1044 1371 1153 1406 Verae
1169 1375 1275 1406 antem
1292 1376 1326 1406 et
1346 1384 1403 1407 suo
1419 1374 1548 1408 nomine
1571 1374 1686 1420 dignae
1703 1387 1780 1422 erga

276 1441 387 1475 Deum
401 1438 536 1486 pietatis
555 1448 650 1471 unum
667 1436 804 1479 fontem,
825 1447 921 1469 unum
933 1434 1129 1481 praesidium
1143 1435 1361 1480 agnoscebant
1375 1435 1578 1483 disciplinam
1594 1439 1780 1484 asceticam,

276 1506 341 1551 qua
365 1504 394 1538 si
422 1513 514 1536 mens
538 1501 602 1534 rite
627 1500 762 1533 subacta
784 1500 975 1543 terrenaque
989 1498 1062 1532 labe
1083 1502 1117 1532 et
1137 1499 1333 1544 contagione
1347 1500 1475 1534 mortali
1493 1506 1669 1547 expurgata
1693 1508 1726 1537 et
1745 1504 1779 1538 in

274 1569 343 1603 una
355 1566 424 1601 Dei
436 1564 639 1611 cogitatione
661 1561 770 1596 defixa
790 1561 907 1606 fuerit,
932 1566 997 1596 tum
1011 1573 1087 1596 vero
1104 1573 1193 1596 suam
1210 1567 1243 1597 et
1264 1563 1435 1598 memoriae
1460 1563 1556 1599 fidem
1575 1569 1609 1600 et
1627 1566 1780 1601 traditio-

273 1633 371 1667 nibus
386 1629 610 1675 integritatem
626 1631 660 1661 et
670 1626 885 1671 religionibus
897 1625 1141 1659 sanctimoniam
1158 1626 1383 1668 constituram3
1398 1632 1536 1662 mentem
1550 1633 1664 1663 contra
1679 1629 1781 1664 disci-

273 1696 388 1742 plinae
402 1692 568 1727 asceticae
581 1694 769 1737 expertem,
791 1689 975 1723 defectione
992 1700 1011 1722 a
1023 1687 1118 1732 Deo,
1142 1690 1276 1735 perenni
1290 1690 1374 1724 vitae
1388 1690 1491 1735 sonte,
1516 1691 1617 1736 facta,
1638 1693 1778 1729 rimosae

273 1761 381 1794 instar
405 1757 570 1792 cisternae
596 1765 703 1800 neque
728 1765 848 1800 capere
872 1752 1050 1786 divinorum
1074 1752 1231 1787 bonorum
1261 1753 1458 1788 affluentiam
1483 1767 1586 1800 neque
1613 1758 1778 1792 continere

274 1833 389 1869 posse.
413 1822 448 1863 2,
467 1820 551 1862 659,
567 1818 714 1852 8-10.
728 1817 812 1859 576,
832 1818 872 1849 11
891 1827 940 1861 sq.
956 1816 1011 1849 cll.
1029 1816 1110 1859 575,
1126 1818 1184 1849 35.
1199 1815 1317 1850 Ierem.
1333 1818 1367 1858 2,
1380 1819 1415 1851 3.
1466 1816 1558 1852 Solis
1574 1819 1673 1865 igitur
1688 1820 1780 1855 Pha-

273 1885 393 1921 risaeis
417 1880 686 1918 committendam
711 1883 867 1926 putarunt
895 1878 1104 1913 traditionum
1126 1883 1163 1913 ut
1185 1879 1381 1924 custodiam,
1406 1881 1452 1915 ita
1472 1893 1530 1928 per
1551 1885 1779 1920 successiones

276 1948 561 1995 propagationem.
610 1944 783 1978 Pharisaei
807 1943 891 1976 enim
916 1940 1027 1985 erant,
1056 1946 1170 1988 utpote
1189 1943 1273 1976 vitae
1294 1945 1456 1978 asceticae
1476 1946 1640 1993 principes
1665 1952 1698 1982 et
1718 1959 1780 1983 an-

277 2012 418 2054 tistites,
451 2010 530 2046 τοῦ
552 2006 697 2056 δήμου
724 2005 771 2043 τὸ
798 2004 1121 2055 καθαρώτατον
1144 2007 1215 2041 καὶ
1237 2008 1599 2055 εἰλικρινέστατον
1622 2010 1666 2045 Β.
1688 2011 1718 2046 Ι.
1745 2014 1780 2054 2,
1815 2012 1819 2016 ’

281 2076 338 2117 16,
353 2077 376 2108 4
391 2075 438 2108 in.
461 2084 544 2119 qnos
570 2071 705 2106 eosdem
726 2069 824 2104 Philo
848 2074 1013 2116 nuncupat
1043 2068 1123 2112 τοὺς
1144 2067 1274 2113 ἀδόλως
1292 2072 1347 2106 καὶ
1371 2074 1572 2121 καθαρῶς
1592 2073 1780 2124 φιλοσοφή-

277 2149 407 2180 σαντας
427 2138 510 2181 276,
533 2137 568 2171 2.
626 2135 748 2171 Mosen
777 2138 922 2169 ascetam
950 2135 1055 2170 νοῦν
1083 2135 1449 2183 εἰλικρινέστατον
1475 2140 1546 2174 καὶ
1572 2138 1778 2188 καθαρώ-
