1947 2424
799 129 1248 171 ψη..-

267 232 512 281 responsionum
530 230 592 263 rite
611 228 837 275 concipiendis
858 228 1007 263 formulis
1022 233 1184 263 versatum
1200 234 1263 264 est.
1310 229 1386 265 Hoc
1404 234 1510 265 autem
1532 240 1632 276 penes
1645 228 1771 266 Phari-.

267 308 361 333 saeos
384 295 486 329 fuisse
506 292 668 338 Iosephus
688 291 863 326 memoriae
885 292 1048 338 prodidit,
1073 292 1168 327 Antt.
1187 294 1243 337 18,
1261 296 1294 337 l,
1312 295 1333 328 3
1357 293 1490 328 disertis
1511 292 1615 327 verbis
1637 292 1767 327 dicens:

267 358 381 397 ὁπόσα
398 360 477 392 &sta
494 353 598 399 εὐχῶν
619 369 656 390 τε
673 356 731 389 καὶ
745 356 841 403 ἱερῶν
855 354 1021 404 ποιήσεως
1040 353 1192 405 ἐξηγήσει
1205 356 1246 405 τῇ
1265 357 1397 393 ἐκείνων
1408 378 1457 383 --
1472 370 1502 393 τ.
1515 356 1702 405 φαρισαίων
1718 376 1767 383 -

266 423 465 469 τυγχάνουσι
479 418 711 468 πρασσόμενα.
759 419 857 463 Quod
870 431 973 466 genus
986 421 1083 456 Philo
1101 434 1196 468 quum
1209 433 1285 456 mox
1298 421 1340 455 ad
1354 421 1474 456 Mosen
1488 425 1650 455 auctorem
1664 419 1767 464 (612,

262 489 286 523 ,6
302 485 404 532 sqq.),
421 494 497 517 mox
512 482 675 518 adludam
689 482 753 520 τὸν
766 481 967 533 εὐχάριστον
981 484 1083 531 (349,
1093 486 1151 520 24.
1167 486 1225 520 30.
1240 484 1299 520 45.
1315 485 1398 529 664,
1409 484 1497 532 12,),
1512 495 1587 518 mox
1599 482 1640 518 ad
1655 493 1767 518 saeer-

264 552 356 585 dotes
380 549 433 594 (2,
454 550 535 592 161,
555 549 600 584 27
618 550 709 596 sq.),
736 562 813 584 mox
833 550 875 584 ad
895 550 1012 585 tribum
1026 550 1209 585 Leviticam
1224 551 1325 595 (189,
1339 551 1397 584 25.
1414 552 1495 593 533,
1513 551 1588 595 24.)
1610 549 1767 591 retulerit,

262 616 352 660 patet
372 612 509 658 opinor,
532 611 649 657 quibus
663 613 721 647 ille
737 613 825 647 notis
839 617 935 659 atque
957 613 1098 647 criteriis
1112 612 1327 655 Pharisaeos,
1353 624 1487 658 quorum
1503 624 1543 647 ue
1559 623 1676 647 nomen
1694 611 1768 658 qui-

264 677 336 711 dem
355 687 495 722 unquam
509 677 697 723 usurpavit,
724 677 860 723 agnosci
874 677 1023 711 voluerit.
1071 676 1333 722 IusJiturgicum
1348 677 1469 723 excipit
1482 677 1533 711 ius
1555 677 1768 723 inspectionis

262 745 360 785 atque
380 739 605 784 inquisitionis
621 750 752 783 eorum,
777 740 957 785 quicunque
971 740 1021 773 vel
1038 750 1058 772 a
1073 739 1220 773 doctrina
1235 738 1406 784 religionis
1419 739 1550 785 publica
1564 739 1614 772 vel
1629 751 1649 773 a
1664 740 1768 773 cultus

264 803 365 837 divini
384 803 522 837 sancitis
541 803 751 837 caerimoniis
764 803 831 837 ullo
845 802 942 836 modo
960 802 1146 837 viderentur
1161 802 1358 836 desciscere.
1410 802 1481 846 Quo
1496 802 1571 836 loco
1590 806 1623 836 et
1634 814 1768 838 nmero

263 866 405 901 habendi
422 870 499 901 sunt
512 866 559 901 N.
576 866 623 900 T.
639 867 707 901 loci
723 878 854 910 omnes,
878 866 933 900 ubi
944 865 1142 900 Pharisaeos
1160 865 1367 912 expostulare
1382 876 1453 899 eum
1465 864 1543 899 Iesu
1559 869 1594 899 et
1610 866 1769 912 apostolis

264 930 411 965 videmus
426 942 505 965 mox
520 929 561 965 de
574 930 669 965 venia
684 942 722 964 ac
736 934 899 976 potestate
914 929 1052 964 docendi
1065 929 1218 975 populum
1230 928 1303 963 Ioh.
1322 931 1356 972 7,
1372 929 1432 963 45.
1444 928 1510 972 ΧΙ,
1528 931 1587 963 47.
1604 929 1659 963 cll.
1669 928 1769 964 Mtth.

266 995 327 1036 21,
344 995 403 1027 23.
421 993 530 1028 Marc.
547 993 617 1036 XI,
634 994 693 1027 28.
708 992 795 1028 Luc.
811 994 868 1035 20,
889 996 921 1026 1.
934 992 1026 1026 Actt.
1043 995 1078 1035 4,
1095 995 1128 1026 7.
1151 1004 1225 1026 mox
1247 992 1287 1026 de
1306 992 1473 1026 doctrinae
1496 992 1633 1026 traditae
1655 993 1770 1027 ortho-

267 1057 356 1092 doxa
379 1057 523 1104 puritate
546 1062 643 1104 atque
664 1056 851 1103 integritate
871 1055 970 1091 Mtth.
989 1059 1043 1100 19,
1062 1060 1093 1091 1.
1120 1058 1174 1100 12,
1192 1058 1226 1091 2.
1245 1057 1301 1091 10.
1323 1057 1381 1100 22,
1399 1058 1455 1091 17.
1472 1057 1530 1091 35.
1551 1058 1611 1091 41.
1632 1068 1708 1091 mox
1729 1056 1769 1092 de

267 1133 395 1155 morum
415 1121 633 1155 sanctimonia
652 1120 804 1154 Levitica
823 1119 921 1153 Mtth.
936 1122 971 1162 9,
988 1123 1043 1153 ll.
1070 1121 1125 1162 12,
1144 1121 1177 1153 2.
1202 1120 1258 1162 15,
1276 1122 1308 1153 l.
1331 1120 1387 1154 cll.
1402 1119 1508 1153 Marc.
1526 1122 1559 1162 7,
1575 1121 1609 1153 2.
1626 1121 1661 1154 3.
1682 1120 1769 1155 Luc.

268 1183 337 1227 XI,
355 1185 415 1218 38.
463 1182 524 1217 De
546 1182 864 1219 iurisdictionis
889 1183 1055 1217 consortio
1068 1183 1319 1217 Pharisaeorum
1336 1194 1390 1217 res
1414 1183 1449 1216 in
1463 1182 1577 1228 vulgus
1600 1183 1771 1219 notissima

268 1252 320 1281 est
336 1247 388 1280 vel
403 1258 444 1280 ex
460 1258 501 1280 eo
520 1258 604 1290 uno,
630 1247 718 1293 quod
734 1257 920 1280 assessores
939 1245 1080 1290 synedrii
1094 1246 1199 1291 magui
1211 1246 1499 1291 Hierosolymitaui
1519 1245 1621 1280 fuisse
1642 1251 1771 1282 constat

270 1311 326 1344 vit.
343 1312 405 1344 41.
427 1310 522 1344 Actt.
540 1311 575 1353 5,
592 1311 652 1344 34.
670 1311 728 1353 23,
747 1312 781 1343 6.
830 1309 948 1343 Restat
962 1321 1058 1342 unum
1075 1308 1179 1342 adhuc
1199 1309 1250 1343 ius
1275 1308 1546 1356 disciplinae,
1572 1309 1658 1355 quod
1673 1314 1771 1356 pote-

269 1378 355 1408 state
376 1373 413 1407 in
440 1372 553 1408 fontes
580 1372 704 1419 duplici
729 1377 795 1407 tum
825 1372 1069 1406 verberibus
1094 1372 1295 1406 caedendi
1323 1376 1458 1419 propter
1479 1373 1602 1407 leviora
1624 1377 1771 1419 peccata,

269 1442 337 1470 tum
361 1448 378 1469 e
386 1447 436 1469 xc
444 1448 502 1469 om
511 1448 541 1470 m
551 1436 617 1468 uni
627 1447 645 1469 c
656 1447 675 1468 a
684 1448 703 1468 u
713 1436 752 1469 di
772 1441 906 1481 propter
921 1436 1070 1480 graviora
1083 1435 1229 1468 facinora
1240 1436 1399 1469 constitit.
1447 1435 1495 1469 Et
1508 1436 1627 1481 prioris
1642 1436 1770 1481 quidem

267 1498 402 1544 ,generis
425 1498 608 1544 exemplum
626 1497 781 1532 habemus
802 1498 887 1544 apud
902 1497 1077 1544 Iosephum
1092 1497 1135 1531 B.
1148 1497 1177 1531 Ι.
1192 1499 1227 1541 6,
1242 1499 1275 1541 5,
1291 1500 1325 1532 3.
1343 1498 1415 1542 ubi,
1434 1502 1606 1544 postquam
1618 1499 1771 1542 narravit,

269 1561 382 1597 Iesum
411 1561 591 1607 quendam,
615 1561 785 1596 indoctum
811 1566 843 1595 et
870 1561 1024 1595 incultum
1054 1561 1092 1595 de
1122 1561 1215 1607 vulgo
1243 1561 1403 1595 homiuem
1413 1585 1424 1604 ,
1454 1561 1665 1607 quadriennio
1697 1566 1772 1596 ante

269 1625 392 1660 bellum
415 1625 494 1670 (62.
517 1637 552 1671 p.
572 1623 613 1659 C.
632 1625 685 1670 n.)
710 1624 988 1659 tabernaculorum
1009 1624 1114 1668 festo,
1136 1627 1252 1670 pacata
1272 1624 1376 1659 adhuc
1399 1625 1550 1669 civitate,
1577 1626 1665 1660 vicos
1683 1626 1772 1671 urbis

268 1693 518 1735 peragrantem,
545 1688 744 1722 clamoribus
761 1688 913 1722 infaustis
937 1692 969 1721 et
990 1688 1072 1721 male
1099 1688 1247 1722 ominatis
1272 1688 1311 1722 de
1332 1688 1610 1734 appropinquante
1629 1688 1773 1732 interitu,

270 1753 390 1787 civium
404 1752 530 1786 animos
548 1751 748 1786 exterruisse
758 1776 769 1795 ‚
793 1752 840 1785 ita
853 1751 976 1797 pergit:
1001 1752 1066 1786 τῶν
1088 1750 1123 1786 δ’
1147 1749 1364 1799 ἐπισήμων
1378 1754 1464 1794 τινὲς
1478 1753 1672 1799 δημοτῶν
1688 1753 1727 1799 (i.
1741 1764 1773 1787 e.

270 1817 463 1864 φαρισαίων
484 1816 676 1863 δημοτικῶν
703 1816 762 1849 vit.
786 1815 871 1860 39),
897 1813 1184 1861 ἀγανακτήσαντες
1204 1813 1291 1862 πρὸς
1313 1814 1353 1849 τὸ
1378 1813 1593 1862 κακόφημον,
1622 1817 1774 1861 συλλαμ-

270 1878 418 1924 βάνουσι
438 1879 503 1914 τὸν
522 1877 718 1925 ἄνθρωπον
738 1879 795 1913 καὶ
819 1879 997 1920 πολλαῖς
1027 1878 1272 1921 αἰκίζονται
1300 1880 1490 1926 πληγαῖς.
1535 1878 1703 1914 Describit
1713 1878 1774 1914 Io-

275 1943 394 1989 sephus
414 1943 569 1977 usitatam
591 1942 682 1976 illam
704 1942 739 1975 in
761 1941 935 1986 synagogis
955 1940 1149 1975 Iudaeorum
1168 1952 1324 1987 poenam,
1350 1941 1560 1987 quadraginta
1578 1942 1683 1976 miuus
1708 1954 1774 1976 uno

277 2006 461 2040 verberibus
484 2010 710 2048 constantem,
737 2004 777 2037 de
804 2015 867 2049 qua
888 2003 990 2038 Dent.
1007 2006 1064 2046 23,
1080 2006 1113 2038 3.
1134 2004 1227 2038 Antt.
1243 2005 1278 2047 4,
1293 2005 1328 2048 8,
1343 2005 1400 2039 21.
1418 2006 1474 2040 23.
1494 2005 1550 2040 vit.
1565 2007 1624 2040 64.
1643 2007 1677 2049 2,
1692 2006 1776 2047 313,

280 2071 335 2102 19.
356 2071 377 2102 2
400 2069 497 2104 Corr.
522 2068 590 2112 XI,
615 2071 673 2103 24.
701 2068 879 2102 memoriae
909 2067 1073 2114 proditum
1100 2068 1248 2113 legimus.
1305 2068 1452 2103 Alterum
1476 2081 1576 2115 genus
1606 2074 1713 2104 autem
1735 2067 1776 2102 ad

280 2132 643 2167 excommunicationem
658 2131 836 2179 spectavit,
860 2142 920 2177 per
935 2142 1046 2177 quam,
1068 2134 1104 2164 ut
1117 2130 1261 2166 Ioannea
1274 2131 1417 2167 dictione
1430 2137 1572 2176 utamur,
1594 2142 1777 2182 synagogae
