<?xml version="1.0" encoding="UTF-8"?>
<!DOCTYPE html PUBLIC "-//W3C//DTD XHTML 1.0 Transitional//EN"
    "http://www.w3.org/TR/xhtml1/DTD/xhtml1-transitional.dtd">
<html xmlns="http://www.w3.org/1999/xhtml" xml:lang="en" lang="en">
 <head>
  <title>
</title>
<meta http-equiv="Content-Type" content="text/html;charset=utf-8" />
  <meta name='ocr-system' content='tesseract 3.04.00' />
  <meta name='ocr-capabilities' content='ocr_page ocr_carea ocr_par ocr_line ocrx_word'/>
</head>
<body>
  <div class='ocr_page' id='page_1' title='image "4627238_0013.png"; bbox 0 0 1947 2424; ppageno 0'>
   <div class='ocr_carea' id='block_1_1' title="bbox 200 218 1708 1473">
    <p class='ocr_par' dir='ltr' id='par_1_1' title="bbox 200 218 1708 1473">
     <span class='ocr_line' id='line_1_1' title="bbox 202 218 1707 267; baseline -0.001 -12"><span class='ocrx_word' id='word_1_1' title='bbox 202 226 360 255; x_wconf 64' lang='lat' dir='ltr'><strong>meorum·</strong></span> <span class='ocrx_word' id='word_1_2' title='bbox 368 218 545 267; x_wconf 83' lang='lat' dir='ltr'><strong>descriptio</strong></span> <span class='ocrx_word' id='word_1_3' title='bbox 559 220 670 255; x_wconf 83' lang='lat' dir='ltr'><strong>multis</strong></span> <span class='ocrx_word' id='word_1_4' title='bbox 682 219 984 255; x_wconf 53' lang='lat' dir='ltr'><strong>rai-iaturformulis</strong></span> <span class='ocrx_word' id='word_1_5' title='bbox 997 221 1028 255; x_wconf 69' lang='grc' dir='ltr'><strong><em>τ’.</em></strong></span> <span class='ocrx_word' id='word_1_6' title='bbox 1042 231 1075 255; x_wconf 78' lang='grc' dir='ltr'><strong><em>ο.</em></strong></span> <span class='ocrx_word' id='word_1_7' title='bbox 1089 220 1134 254; x_wconf 90' lang='grc' dir='ltr'><strong>Β.</strong></span> <span class='ocrx_word' id='word_1_8' title='bbox 1150 219 1181 254; x_wconf 91' lang='grc' dir='ltr'><strong>Ῑ.</strong></span> <span class='ocrx_word' id='word_1_9' title='bbox 1195 221 1230 264; x_wconf 89' lang='grc'><strong><em>2,</em></strong></span> <span class='ocrx_word' id='word_1_10' title='bbox 1251 222 1307 264; x_wconf 89' lang='grc'><strong><em>19,</em></strong></span> <span class='ocrx_word' id='word_1_11' title='bbox 1324 219 1359 253; x_wconf 97' lang='grc'><strong>5.</strong></span> <span class='ocrx_word' id='word_1_12' title='bbox 1374 219 1496 255; x_wconf 85' lang='grc' dir='ltr'><strong><em>πολλοὶ</em></strong></span> <span class='ocrx_word' id='word_1_13' title='bbox 1508 220 1576 254; x_wconf 81' lang='grc' dir='ltr'><strong><em>τῶν</em></strong></span> <span class='ocrx_word' id='word_1_14' title='bbox 1595 230 1707 264; x_wconf 79' lang='grc' dir='ltr'><strong><em>γνω-</em></strong></span> 
     </span>
     <span class='ocr_line' id='line_1_2' title="bbox 205 270 1707 333; baseline -0.001 -15"><span class='ocrx_word' id='word_1_15' title='bbox 205 282 338 332; x_wconf 80' lang='grc' dir='ltr'><strong><em>ρίμων</em></strong></span> <span class='ocrx_word' id='word_1_16' title='bbox 356 282 554 333; x_wconf 80' lang='grc' dir='ltr'><strong><em>δημοτῶν</em></strong></span> <span class='ocrx_word' id='word_1_17' title='bbox 565 304 613 311; x_wconf 88' lang='grc'><strong>-</strong></span> <span class='ocrx_word' id='word_1_18' title='bbox 626 270 770 320; x_wconf 75' lang='grc' dir='ltr'><strong><em>ἐκάλουν</em></strong></span> <span class='ocrx_word' id='word_1_19' title='bbox 782 281 846 320; x_wconf 87' lang='grc' dir='ltr'><strong><em>τὸν</em></strong></span> <span class='ocrx_word' id='word_1_20' title='bbox 858 283 1008 320; x_wconf 80' lang='grc' dir='ltr'><strong><em>Κέστιον</em></strong></span> <span class='ocrx_word' id='word_1_21' title='bbox 1022 281 1067 328; x_wconf 84' lang='grc' dir='ltr'><strong><em>ὡς</em></strong></span> <span class='ocrx_word' id='word_1_22' title='bbox 1079 280 1273 328; x_wconf 84' lang='grc' dir='ltr'><strong><em>ἀνοίξοντες</em></strong></span> <span class='ocrx_word' id='word_1_23' title='bbox 1285 280 1378 330; x_wconf 77' lang='grc' dir='ltr'><strong><em>αὐτῷ</em></strong></span> <span class='ocrx_word' id='word_1_24' title='bbox 1389 280 1454 327; x_wconf 85' lang='grc' dir='ltr'><strong><em>τὰς</em></strong></span> <span class='ocrx_word' id='word_1_25' title='bbox 1465 280 1584 326; x_wconf 80' lang='grc' dir='ltr'><strong><em>πύλας.</em></strong></span> <span class='ocrx_word' id='word_1_26' title='bbox 1606 281 1654 316; x_wconf 87' lang='lat' dir='ltr'><strong><em>ib.</em></strong></span> <span class='ocrx_word' id='word_1_27' title='bbox 1668 282 1707 326; x_wconf 79' lang='grc'><strong><em>3,</em></strong></span> 
     </span>
     <span class='ocr_line' id='line_1_3' title="bbox 206 343 1708 396; baseline 0.001 -16"><span class='ocrx_word' id='word_1_28' title='bbox 206 348 242 390; x_wconf 79' lang='grc'><strong><em>0,</em></strong></span> <span class='ocrx_word' id='word_1_29' title='bbox 265 347 288 382; x_wconf 89' lang='grc'><strong>8</strong></span> <span class='ocrx_word' id='word_1_30' title='bbox 308 346 357 381; x_wconf 84' lang='lat' dir='ltr'><strong><em>in.</em></strong></span> <span class='ocrx_word' id='word_1_31' title='bbox 378 349 416 383; x_wconf 88' lang='grc' dir='ltr'><strong><em>οἱ</em></strong></span> <span class='ocrx_word' id='word_1_32' title='bbox 437 349 610 395; x_wconf 77' lang='grc' dir='ltr'><strong><em>γηραιοὶ</em></strong></span> <span class='ocrx_word' id='word_1_33' title='bbox 633 348 710 384; x_wconf 83' lang='grc' dir='ltr'><strong><em>τοῦ</em></strong></span> <span class='ocrx_word' id='word_1_34' title='bbox 734 345 878 395; x_wconf 82' lang='grc' dir='ltr'><strong><em>δήμου</em></strong></span> <span class='ocrx_word' id='word_1_35' title='bbox 897 350 968 383; x_wconf 78' lang='grc' dir='ltr'><strong><em>καὶ</em></strong></span> <span class='ocrx_word' id='word_1_36' title='bbox 989 346 1194 396; x_wconf 81' lang='grc' dir='ltr'><strong><em>προῦχειν</em></strong></span> <span class='ocrx_word' id='word_1_37' title='bbox 1217 348 1458 390; x_wconf 79' lang='grc' dir='ltr'><strong><em>δοκοῦντες</em></strong></span> <span class='ocrx_word' id='word_1_38' title='bbox 1475 364 1524 372; x_wconf 90' lang='grc'>-</span> <span class='ocrx_word' id='word_1_39' title='bbox 1541 343 1708 395; x_wconf 84' lang='grc' dir='ltr'><strong><em>φεύγουσι</em></strong></span> 
     </span>
     <span class='ocr_line' id='line_1_4' title="bbox 200 408 1706 460; baseline 0.002 -16"><span class='ocrx_word' id='word_1_40' title='bbox 200 411 269 457; x_wconf 73' lang='grc' dir='ltr'><strong><em>,μὲν</em></strong></span> <span class='ocrx_word' id='word_1_41' title='bbox 288 413 336 455; x_wconf 85' lang='grc' dir='ltr'><strong><em>εἰς</em></strong></span> <span class='ocrx_word' id='word_1_42' title='bbox 355 408 397 447; x_wconf 89' lang='grc' dir='ltr'><strong><em>τὸ</em></strong></span> <span class='ocrx_word' id='word_1_43' title='bbox 410 411 476 447; x_wconf 83' lang='grc' dir='ltr'><strong><em>τῶν</em></strong></span> <span class='ocrx_word' id='word_1_44' title='bbox 485 409 658 458; x_wconf 82' lang='grc' dir='ltr'><strong><em>Ῥωμαίων</em></strong></span> <span class='ocrx_word' id='word_1_45' title='bbox 671 408 917 460; x_wconf 86' lang='grc' dir='ltr'><strong><em>στρατόπεδον.</em></strong></span> <span class='ocrx_word' id='word_1_46' title='bbox 941 411 988 446; x_wconf 90' lang='lat' dir='ltr'><strong><em>ib.</em></strong></span> <span class='ocrx_word' id='word_1_47' title='bbox 1000 413 1036 455; x_wconf 72' lang='lat'><strong>4,</strong></span> <span class='ocrx_word' id='word_1_48' title='bbox 1051 411 1085 455; x_wconf 90' lang='grc'><strong><em>5,</em></strong></span> <span class='ocrx_word' id='word_1_49' title='bbox 1098 412 1135 445; x_wconf 77' lang='lat'><strong><em>4.</em></strong></span> <span class='ocrx_word' id='word_1_50' title='bbox 1159 411 1383 456; x_wconf 68' lang='grc' dir='ltr'><strong><em>συνκαλοῦσιν</em></strong></span> <span class='ocrx_word' id='word_1_51' title='bbox 1397 413 1434 446; x_wconf 79' lang='grc' dir='ltr'><strong><em>οἱ</em></strong></span> <span class='ocrx_word' id='word_1_52' title='bbox 1454 410 1596 459; x_wconf 81' lang='grc' dir='ltr'><strong><em>ζηλωταὶ</em></strong></span> <span class='ocrx_word' id='word_1_53' title='bbox 1607 428 1656 435; x_wconf 92' lang='grc'>-</span> <span class='ocrx_word' id='word_1_54' title='bbox 1670 409 1706 451; x_wconf 83' lang='grc' dir='ltr'><strong><em>ἐξ</em></strong></span> 
     </span>
     <span class='ocr_line' id='line_1_5' title="bbox 204 472 1706 527; baseline -0.001 -17"><span class='ocrx_word' id='word_1_55' title='bbox 204 472 431 521; x_wconf 77' lang='grc' dir='ltr'><strong><em>ἐπιτάγματος</em></strong></span> <span class='ocrx_word' id='word_1_56' title='bbox 454 473 691 524; x_wconf 79' lang='grc' dir='ltr'><strong><em>ἑβδομήκοντα</em></strong></span> <span class='ocrx_word' id='word_1_57' title='bbox 716 475 795 510; x_wconf 88' lang='grc' dir='ltr'><strong><em>τῶν</em></strong></span> <span class='ocrx_word' id='word_1_58' title='bbox 821 477 865 510; x_wconf 80' lang='grc' dir='ltr'><strong><em>ἐν</em></strong></span> <span class='ocrx_word' id='word_1_59' title='bbox 889 476 1000 527; x_wconf 60' lang='grc' dir='ltr'><strong><em>τεξλει</em></strong></span> <span class='ocrx_word' id='word_1_60' title='bbox 1025 475 1226 522; x_wconf 80' lang='grc' dir='ltr'><strong><em>δημοτῶν</em></strong></span> <span class='ocrx_word' id='word_1_61' title='bbox 1251 478 1300 518; x_wconf 83' lang='grc' dir='ltr'><strong><em>εἰς</em></strong></span> <span class='ocrx_word' id='word_1_62' title='bbox 1327 473 1369 510; x_wconf 85' lang='grc' dir='ltr'><strong><em>τὸ</em></strong></span> <span class='ocrx_word' id='word_1_63' title='bbox 1391 474 1508 523; x_wconf 80' lang='grc' dir='ltr'><strong><em>σχῆμα</em></strong></span> <span class='ocrx_word' id='word_1_64' title='bbox 1532 473 1706 510; x_wconf 80' lang='grc' dir='ltr'><strong><em>δικαστῶν</em></strong></span> 
     </span>
     <span class='ocr_line' id='line_1_6' title="bbox 203 535 1707 587; baseline -0.001 -12"><span class='ocrx_word' id='word_1_65' title='bbox 203 540 330 587; x_wconf 74' lang='grc' dir='ltr'><strong><em>ἔρημον</em></strong></span> <span class='ocrx_word' id='word_1_66' title='bbox 342 537 501 583; x_wconf 80' lang='grc' dir='ltr'><strong><em>ἐξουσίας.</em></strong></span> <span class='ocrx_word' id='word_1_67' title='bbox 522 539 570 574; x_wconf 87' lang='lat' dir='ltr'><strong><em>ib.</em></strong></span> <span class='ocrx_word' id='word_1_68' title='bbox 585 541 620 584; x_wconf 86' lang='lat'><strong>6,</strong></span> <span class='ocrx_word' id='word_1_69' title='bbox 636 539 670 583; x_wconf 88' lang='grc'><strong><em>5,</em></strong></span> <span class='ocrx_word' id='word_1_70' title='bbox 685 541 721 574; x_wconf 87' lang='grc'><strong><em>3.</em></strong></span> <span class='ocrx_word' id='word_1_71' title='bbox 742 538 824 574; x_wconf 91' lang='grc' dir='ltr'><strong><em>τῶν</em></strong></span> <span class='ocrx_word' id='word_1_72' title='bbox 845 538 1064 586; x_wconf 76' lang='grc' dir='ltr'><strong><em>ἐπισήμων</em></strong></span> <span class='ocrx_word' id='word_1_73' title='bbox 1083 539 1202 581; x_wconf 84' lang='grc' dir='ltr'><strong><em>τινὲς</em></strong></span> <span class='ocrx_word' id='word_1_74' title='bbox 1226 538 1425 586; x_wconf 81' lang='grc' dir='ltr'><strong><em>δημοτῶν</em></strong></span> <span class='ocrx_word' id='word_1_75' title='bbox 1442 535 1707 586; x_wconf 78' lang='grc' dir='ltr'><strong><em>ἀγανακτήσαν-</em></strong></span> 
     </span>
     <span class='ocr_line' id='line_1_7' title="bbox 205 599 1704 652; baseline 0 -15"><span class='ocrx_word' id='word_1_76' title='bbox 205 613 260 645; x_wconf 85' lang='grc' dir='ltr'><strong><em>τες</em></strong></span> <span class='ocrx_word' id='word_1_77' title='bbox 277 621 326 628; x_wconf 90' lang='lat'><strong><em>—-</em></strong></span> <span class='ocrx_word' id='word_1_78' title='bbox 344 599 408 638; x_wconf 87' lang='grc' dir='ltr'><strong><em>τὸν</em></strong></span> <span class='ocrx_word' id='word_1_79' title='bbox 425 599 616 652; x_wconf 74' lang='grc' dir='ltr'><strong><em>ἄνθρωπον</em></strong></span> <span class='ocrx_word' id='word_1_80' title='bbox 634 621 685 628; x_wconf 91' lang='lat'><strong><em>-—</em></strong></span> <span class='ocrx_word' id='word_1_81' title='bbox 704 603 845 645; x_wconf 81' lang='grc' dir='ltr'><strong><em>πολλαῖς</em></strong></span> <span class='ocrx_word' id='word_1_82' title='bbox 863 599 1054 647; x_wconf 77' lang='grc' dir='ltr'><strong><em>ἀγκίζονται</em></strong></span> <span class='ocrx_word' id='word_1_83' title='bbox 1073 602 1221 650; x_wconf 85' lang='grc' dir='ltr'><strong><em>πληγαῖς.</em></strong></span> <span class='ocrx_word' id='word_1_84' title='bbox 1243 601 1296 637; x_wconf 63' lang='lat' dir='ltr'><strong><em>ib.</em></strong></span> <span class='ocrx_word' id='word_1_85' title='bbox 1307 603 1343 646; x_wconf 98' lang='lat'><strong>6,</strong></span> <span class='ocrx_word' id='word_1_86' title='bbox 1359 603 1394 645; x_wconf 92' lang='lat'><strong>6,</strong></span> <span class='ocrx_word' id='word_1_87' title='bbox 1409 603 1451 635; x_wconf 79' lang='lat'><strong><em>4:</em></strong></span> <span class='ocrx_word' id='word_1_88' title='bbox 1475 599 1564 650; x_wconf 86' lang='grc' dir='ltr'><strong><em>παρ’</em></strong></span> <span class='ocrx_word' id='word_1_89' title='bbox 1587 601 1641 645; x_wconf 82' lang='grc' dir='ltr'><strong><em>οἷς</em></strong></span> <span class='ocrx_word' id='word_1_90' title='bbox 1653 620 1704 626; x_wconf 88' lang='grc'><strong>-</strong></span> 
     </span>
     <span class='ocr_line' id='line_1_8' title="bbox 204 662 1702 714; baseline -0.001 -13"><span class='ocrx_word' id='word_1_91' title='bbox 204 671 280 708; x_wconf 86' lang='grc' dir='ltr'><strong><em>τοῖς</em></strong></span> <span class='ocrx_word' id='word_1_92' title='bbox 290 662 418 707; x_wconf 73' lang='grc' dir='ltr'><strong><em>Ἰζάτου</em></strong></span> <span class='ocrx_word' id='word_1_93' title='bbox 431 668 592 711; x_wconf 77' lang='grc' dir='ltr'><strong><em>βασιλέως</em></strong></span> <span class='ocrx_word' id='word_1_94' title='bbox 604 668 691 709; x_wconf 83' lang='grc' dir='ltr'><strong><em>υἱοῖς</em></strong></span> <span class='ocrx_word' id='word_1_95' title='bbox 702 667 758 701; x_wconf 84' lang='grc' dir='ltr'><strong><em>καὶ</em></strong></span> <span class='ocrx_word' id='word_1_96' title='bbox 773 663 934 714; x_wconf 76' lang='grc' dir='ltr'><strong><em>ἀδελφοῖς</em></strong></span> <span class='ocrx_word' id='word_1_97' title='bbox 944 684 994 691; x_wconf 89' lang='grc'><strong>-</strong></span> <span class='ocrx_word' id='word_1_98' title='bbox 1010 666 1130 701; x_wconf 87' lang='grc' dir='ltr'><strong><em>πολλοὶ</em></strong></span> <span class='ocrx_word' id='word_1_99' title='bbox 1152 666 1233 700; x_wconf 90' lang='grc' dir='ltr'><strong><em>τῶν</em></strong></span> <span class='ocrx_word' id='word_1_100' title='bbox 1250 663 1472 713; x_wconf 77' lang='grc' dir='ltr'><strong><em>ἐπισήμων</em></strong></span> <span class='ocrx_word' id='word_1_101' title='bbox 1496 665 1702 713; x_wconf 82' lang='grc' dir='ltr'><strong><em>δημοτῶν</em></strong></span> 
     </span>
     <span class='ocr_line' id='line_1_9' title="bbox 205 726 1704 777; baseline 0 -13"><span class='ocrx_word' id='word_1_102' title='bbox 205 730 273 764; x_wconf 75' lang='grc' dir='ltr'><strong><em>ἐκεῖ</em></strong></span> <span class='ocrx_word' id='word_1_103' title='bbox 286 727 512 773; x_wconf 76' lang='grc' dir='ltr'><strong><em>συνελθόντες</em></strong></span> <span class='ocrx_word' id='word_1_104' title='bbox 529 732 702 766; x_wconf 76' lang='grc' dir='ltr'><strong><em>ἱκέτευσαν</em></strong></span> <span class='ocrx_word' id='word_1_105' title='bbox 715 729 878 777; x_wconf 86' lang='grc' dir='ltr'><strong><em>Καίσαρα</em></strong></span> <span class='ocrx_word' id='word_1_106' title='bbox 893 729 1017 765; x_wconf 82' lang='grc' dir='ltr'><strong><em>δοῦναι</em></strong></span> <span class='ocrx_word' id='word_1_107' title='bbox 1034 726 1150 770; x_wconf 81' lang='grc' dir='ltr'><strong><em>δεξιὰν</em></strong></span> <span class='ocrx_word' id='word_1_108' title='bbox 1163 726 1290 772; x_wconf 80' lang='grc' dir='ltr'><strong><em>αὐτοῖς.</em></strong></span> <span class='ocrx_word' id='word_1_109' title='bbox 1337 728 1431 763; x_wconf 84' lang='lat' dir='ltr'><strong>Antt.</strong></span> <span class='ocrx_word' id='word_1_110' title='bbox 1449 731 1506 773; x_wconf 88' lang='lat'><strong><em>20,</em></strong></span> <span class='ocrx_word' id='word_1_111' title='bbox 1521 731 1556 772; x_wconf 88' lang='lat'><strong><em>8,</em></strong></span> <span class='ocrx_word' id='word_1_112' title='bbox 1570 731 1607 764; x_wconf 88' lang='grc'><strong><em>7.</em></strong></span> <span class='ocrx_word' id='word_1_113' title='bbox 1659 730 1704 764; x_wconf 82' lang='grc' dir='ltr'><strong><em>Οἱ</em></strong></span> 
     </span>
     <span class='ocr_line' id='line_1_10' title="bbox 207 789 1703 841; baseline 0.001 -14"><span class='ocrx_word' id='word_1_114' title='bbox 207 792 248 827; x_wconf 74' lang='grc' dir='ltr'><strong><em>δὲ</em></strong></span> <span class='ocrx_word' id='word_1_115' title='bbox 270 789 445 828; x_wconf 83' lang='grc' dir='ltr'><strong><em>Ἰουδαίων</em></strong></span> <span class='ocrx_word' id='word_1_116' title='bbox 470 795 789 840; x_wconf 79' lang='grc' dir='ltr'><strong><em>ἐπιεικέστεροι</em></strong></span> <span class='ocrx_word' id='word_1_117' title='bbox 819 793 890 828; x_wconf 83' lang='grc' dir='ltr'><strong><em>καὶ</em></strong></span> <span class='ocrx_word' id='word_1_118' title='bbox 917 790 1189 841; x_wconf 83' lang='grc' dir='ltr'><strong><em>προῦχοντες</em></strong></span> <span class='ocrx_word' id='word_1_119' title='bbox 1211 790 1320 827; x_wconf 83' lang='grc' dir='ltr'><strong><em>κατὰ</em></strong></span> <span class='ocrx_word' id='word_1_120' title='bbox 1344 790 1422 840; x_wconf 85' lang='grc' dir='ltr'><strong><em>τὴν</em></strong></span> <span class='ocrx_word' id='word_1_121' title='bbox 1446 791 1626 834; x_wconf 83' lang='grc' dir='ltr'><strong><em>ἀξίωσιν</em></strong></span> <span class='ocrx_word' id='word_1_122' title='bbox 1652 811 1703 817; x_wconf 89' lang='grc'><strong>-</strong></span> 
     </span>
     <span class='ocr_line' id='line_1_11' title="bbox 205 853 1703 905; baseline -0.002 -13"><span class='ocrx_word' id='word_1_123' title='bbox 205 853 418 904; x_wconf 61' lang='grc' dir='ltr'><strong><em>παρεκάλουν</em></strong></span> <span class='ocrx_word' id='word_1_124' title='bbox 429 853 492 891; x_wconf 83' lang='grc' dir='ltr'><strong><em>τὸν</em></strong></span> <span class='ocrx_word' id='word_1_125' title='bbox 504 854 627 905; x_wconf 73' lang='grc' dir='ltr'><strong><em>φήλικα</em></strong></span> <span class='ocrx_word' id='word_1_126' title='bbox 639 876 689 882; x_wconf 88' lang='lat'><strong><em>—-</em></strong></span> <span class='ocrx_word' id='word_1_127' title='bbox 700 856 880 905; x_wconf 74' lang='grc' dir='ltr'><strong><em>φείδεςθαι</em></strong></span> <span class='ocrx_word' id='word_1_128' title='bbox 892 855 933 892; x_wconf 91' lang='grc' dir='ltr'><strong><em>τὸ</em></strong></span> <span class='ocrx_word' id='word_1_129' title='bbox 946 854 1069 892; x_wconf 88' lang='grc' dir='ltr'><strong><em>λοιπὸν</em></strong></span> <span class='ocrx_word' id='word_1_130' title='bbox 1080 854 1200 891; x_wconf 89' lang='grc' dir='ltr'><strong><em>αὐτῶν.</em></strong></span> <span class='ocrx_word' id='word_1_131' title='bbox 1223 854 1270 889; x_wconf 89' lang='lat' dir='ltr'><strong><em>Hi</em></strong></span> <span class='ocrx_word' id='word_1_132' title='bbox 1285 855 1523 891; x_wconf 83' lang='lat' dir='ltr'><strong>moderatiores</strong></span> <span class='ocrx_word' id='word_1_133' title='bbox 1538 860 1573 891; x_wconf 90' lang='lat' dir='ltr'><strong>et</strong></span> <span class='ocrx_word' id='word_1_134' title='bbox 1588 855 1703 902; x_wconf 83' lang='lat' dir='ltr'><strong>digni-</strong></span> 
     </span>
     <span class='ocr_line' id='line_1_12' title="bbox 205 903 1702 970; baseline -0.001 -16"><span class='ocrx_word' id='word_1_135' title='bbox 205 922 273 954; x_wconf 81' lang='lat' dir='ltr'><strong>tate</strong></span> <span class='ocrx_word' id='word_1_136' title='bbox 282 922 499 970; x_wconf 68' lang='lat' dir='ltr'><strong>praestantes,</strong></span> <span class='ocrx_word' id='word_1_137' title='bbox 516 920 570 965; x_wconf 87' lang='lat' dir='ltr'><strong><em>qui</em></strong></span> <span class='ocrx_word' id='word_1_138' title='bbox 580 932 640 966; x_wconf 90' lang='lat' dir='ltr'><strong><em>pro</em></strong></span> <span class='ocrx_word' id='word_1_139' title='bbox 655 919 777 954; x_wconf 84' lang='lat' dir='ltr'><strong>civibus</strong></span> <span class='ocrx_word' id='word_1_140' title='bbox 793 919 1018 966; x_wconf 78' lang='lat' dir='ltr'><strong>deprecantur,</strong></span> <span class='ocrx_word' id='word_1_141' title='bbox 1035 918 1453 954; x_wconf 83' lang='lat' dir='ltr'><strong>GaesareensesPharisaei</strong></span> <span class='ocrx_word' id='word_1_142' title='bbox 1463 903 1610 954; x_wconf 53' lang='lat' dir='ltr'><strong>sunffib.</strong></span> <span class='ocrx_word' id='word_1_143' title='bbox 1619 921 1656 962; x_wconf 83' lang='lat'><strong>9,</strong></span> <span class='ocrx_word' id='word_1_144' title='bbox 1668 922 1702 953; x_wconf 86' lang='lat'><strong><em>1.</em></strong></span> 
     </span>
     <span class='ocr_line' id='line_1_13' title="bbox 202 980 1701 1032; baseline -0.001 -14"><span class='ocrx_word' id='word_1_145' title='bbox 202 980 299 1018; x_wconf 80' lang='grc' dir='ltr'><strong><em>Ὅσοι</em></strong></span> <span class='ocrx_word' id='word_1_146' title='bbox 325 980 362 1017; x_wconf 83' lang='grc' dir='ltr'><strong><em>δ’</em></strong></span> <span class='ocrx_word' id='word_1_147' title='bbox 388 980 532 1018; x_wconf 83' lang='grc' dir='ltr'><strong><em>ἐδόκουν</em></strong></span> <span class='ocrx_word' id='word_1_148' title='bbox 565 985 885 1018; x_wconf 76' lang='grc' dir='ltr'><strong><em>ἐπιεικέστατοι</em></strong></span> <span class='ocrx_word' id='word_1_149' title='bbox 909 982 989 1032; x_wconf 87' lang='grc' dir='ltr'><strong><em>τῶν</em></strong></span> <span class='ocrx_word' id='word_1_150' title='bbox 1014 981 1121 1017; x_wconf 84' lang='grc' dir='ltr'><strong><em>κατὰ</em></strong></span> <span class='ocrx_word' id='word_1_151' title='bbox 1146 980 1222 1029; x_wconf 85' lang='grc' dir='ltr'><strong><em>τὴν</em></strong></span> <span class='ocrx_word' id='word_1_152' title='bbox 1251 980 1382 1017; x_wconf 87' lang='grc' dir='ltr'><strong><em>πόλιν</em></strong></span> <span class='ocrx_word' id='word_1_153' title='bbox 1409 983 1523 1017; x_wconf 83' lang='grc' dir='ltr'><strong><em>εἶναι</em></strong></span> <span class='ocrx_word' id='word_1_154' title='bbox 1553 983 1625 1017; x_wconf 81' lang='grc' dir='ltr'><strong><em>καὶ</em></strong></span> <span class='ocrx_word' id='word_1_155' title='bbox 1649 980 1701 1017; x_wconf 82' lang='grc' dir='ltr'><strong><em>τὰ</em></strong></span> 
     </span>
     <span class='ocr_line' id='line_1_14' title="bbox 205 1042 1699 1096; baseline -0.001 -15"><span class='ocrx_word' id='word_1_156' title='bbox 205 1045 302 1094; x_wconf 88' lang='grc' dir='ltr'><strong><em>περὶ</em></strong></span> <span class='ocrx_word' id='word_1_157' title='bbox 322 1057 350 1081; x_wconf 93' lang='grc' dir='ltr'><strong><em>τ.</em></strong></span> <span class='ocrx_word' id='word_1_158' title='bbox 373 1042 533 1093; x_wconf 84' lang='grc' dir='ltr'><strong><em>νόμους</em></strong></span> <span class='ocrx_word' id='word_1_159' title='bbox 554 1043 765 1096; x_wconf 78' lang='grc' dir='ltr'><strong><em>ἀκριβεῖς,</em></strong></span> <span class='ocrx_word' id='word_1_160' title='bbox 796 1046 922 1094; x_wconf 82' lang='grc' dir='ltr'><strong><em>βαρέως</em></strong></span> <span class='ocrx_word' id='word_1_161' title='bbox 940 1042 1081 1094; x_wconf 78' lang='grc' dir='ltr'><strong><em>ἤνεγκαν</em></strong></span> <span class='ocrx_word' id='word_1_162' title='bbox 1099 1046 1156 1082; x_wconf 86' lang='grc' dir='ltr'><strong><em>ἐπὶ</em></strong></span> <span class='ocrx_word' id='word_1_163' title='bbox 1177 1042 1289 1093; x_wconf 84' lang='grc' dir='ltr'><strong><em>τούτῳ</em></strong></span> <span class='ocrx_word' id='word_1_164' title='bbox 1308 1057 1358 1081; x_wconf 87' lang='lat' dir='ltr'><strong>sc.</strong></span> <span class='ocrx_word' id='word_1_165' title='bbox 1382 1044 1423 1081; x_wconf 87' lang='lat' dir='ltr'><strong>de</strong></span> <span class='ocrx_word' id='word_1_166' title='bbox 1445 1044 1548 1081; x_wconf 88' lang='lat' dir='ltr'><strong>caede</strong></span> <span class='ocrx_word' id='word_1_167' title='bbox 1567 1044 1699 1081; x_wconf 86' lang='lat' dir='ltr'><strong>Iacobi.</strong></span> 
     </span>
     <span class='ocr_line' id='line_1_15' title="bbox 206 1108 1702 1157; baseline 0 -14"><span class='ocrx_word' id='word_1_168' title='bbox 206 1108 304 1153; x_wconf 76' lang='lat' dir='ltr'><strong>Quod</strong></span> <span class='ocrx_word' id='word_1_169' title='bbox 314 1108 423 1144; x_wconf 89' lang='lat' dir='ltr'><strong>Anani</strong></span> <span class='ocrx_word' id='word_1_170' title='bbox 437 1110 555 1157; x_wconf 83' lang='lat' dir='ltr'><strong>quippe</strong></span> <span class='ocrx_word' id='word_1_171' title='bbox 569 1108 774 1153; x_wconf 80' lang='lat' dir='ltr'><strong>Sadducaei,</strong></span> <span class='ocrx_word' id='word_1_172' title='bbox 798 1109 833 1143; x_wconf 87' lang='lat' dir='ltr'><strong><em>in</em></strong></span> <span class='ocrx_word' id='word_1_173' title='bbox 846 1108 1009 1155; x_wconf 85' lang='lat' dir='ltr'><strong>puniendo</strong></span> <span class='ocrx_word' id='word_1_174' title='bbox 1026 1109 1234 1144; x_wconf 80' lang='lat' dir='ltr'><strong>acerbitatem</strong></span> <span class='ocrx_word' id='word_1_175' title='bbox 1248 1121 1345 1155; x_wconf 81' lang='lat' dir='ltr'><strong>aegre</strong></span> <span class='ocrx_word' id='word_1_176' title='bbox 1367 1109 1493 1152; x_wconf 87' lang='lat' dir='ltr'><strong>ferunt,</strong></span> <span class='ocrx_word' id='word_1_177' title='bbox 1517 1109 1553 1143; x_wconf 90' lang='lat' dir='ltr'><strong><em>id</em></strong></span> <span class='ocrx_word' id='word_1_178' title='bbox 1570 1109 1702 1155; x_wconf 85' lang='lat' dir='ltr'><strong>simpli-</strong></span> 
     </span>
     <span class='ocr_line' id='line_1_16' title="bbox 205 1170 1702 1220; baseline 0 -14"><span class='ocrx_word' id='word_1_179' title='bbox 205 1171 289 1207; x_wconf 88' lang='lat' dir='ltr'><strong>citer</strong></span> <span class='ocrx_word' id='word_1_180' title='bbox 308 1170 505 1208; x_wconf 80' lang='lat' dir='ltr'><strong>Pharisaeos</strong></span> <span class='ocrx_word' id='word_1_181' title='bbox 524 1172 655 1220; x_wconf 87' lang='lat' dir='ltr'><strong>prodit,</strong></span> <span class='ocrx_word' id='word_1_182' title='bbox 679 1183 760 1219; x_wconf 87' lang='lat' dir='ltr'><strong>quos</strong></span> <span class='ocrx_word' id='word_1_183' title='bbox 779 1171 923 1207; x_wconf 92' lang='lat' dir='ltr'><strong>leuiores</strong></span> <span class='ocrx_word' id='word_1_184' title='bbox 942 1172 976 1207; x_wconf 89' lang='lat' dir='ltr'><strong><em>in</em></strong></span> <span class='ocrx_word' id='word_1_185' title='bbox 995 1171 1112 1219; x_wconf 85' lang='lat' dir='ltr'><strong>poenis</strong></span> <span class='ocrx_word' id='word_1_186' title='bbox 1134 1171 1321 1219; x_wconf 85' lang='lat' dir='ltr'><strong>infligendis</strong></span> <span class='ocrx_word' id='word_1_187' title='bbox 1337 1171 1442 1207; x_wconf 78' lang='lat' dir='ltr'><strong>fuisse</strong></span> <span class='ocrx_word' id='word_1_188' title='bbox 1458 1175 1607 1216; x_wconf 87' lang='lat' dir='ltr'><strong>constat,</strong></span> <span class='ocrx_word' id='word_1_189' title='bbox 1632 1171 1702 1207; x_wconf 85' lang='lat' dir='ltr'><strong>vid.</strong></span> 
     </span>
     <span class='ocr_line' id='line_1_17' title="bbox 205 1233 1700 1285; baseline -0.001 -15"><span class='ocrx_word' id='word_1_190' title='bbox 205 1235 301 1270; x_wconf 79' lang='lat' dir='ltr'><strong>Antt.</strong></span> <span class='ocrx_word' id='word_1_191' title='bbox 317 1236 374 1279; x_wconf 84' lang='grc'><strong><em>13,</em></strong></span> <span class='ocrx_word' id='word_1_192' title='bbox 392 1237 448 1279; x_wconf 89' lang='grc'><strong><em>10,</em></strong></span> <span class='ocrx_word' id='word_1_193' title='bbox 463 1238 500 1270; x_wconf 94' lang='grc'><strong><em>6.</em></strong></span> <span class='ocrx_word' id='word_1_194' title='bbox 524 1234 623 1284; x_wconf 84' lang='grc' dir='ltr'><strong><em>φύσει</em></strong></span> <span class='ocrx_word' id='word_1_195' title='bbox 642 1234 728 1284; x_wconf 83' lang='grc' dir='ltr'><strong><em>πρὸς</em></strong></span> <span class='ocrx_word' id='word_1_196' title='bbox 744 1249 776 1271; x_wconf 90' lang='grc' dir='ltr'><strong><em>τ.</em></strong></span> <span class='ocrx_word' id='word_1_197' title='bbox 795 1233 950 1279; x_wconf 77' lang='grc' dir='ltr'><strong><em>κολάσεις</em></strong></span> <span class='ocrx_word' id='word_1_198' title='bbox 970 1236 1165 1278; x_wconf 83' lang='grc' dir='ltr'><strong><em>ἐπιεικῶς</em></strong></span> <span class='ocrx_word' id='word_1_199' title='bbox 1184 1237 1320 1280; x_wconf 81' lang='grc' dir='ltr'><strong><em>ἔχουσιν</em></strong></span> <span class='ocrx_word' id='word_1_200' title='bbox 1338 1238 1373 1272; x_wconf 86' lang='grc' dir='ltr'><strong><em>οἱ</em></strong></span> <span class='ocrx_word' id='word_1_201' title='bbox 1391 1242 1576 1285; x_wconf 89' lang='grc' dir='ltr'><strong><em>φαρισαῖοι.</em></strong></span> <span class='ocrx_word' id='word_1_202' title='bbox 1626 1234 1700 1270; x_wconf 87' lang='lat' dir='ltr'><strong>Sed</strong></span> 
     </span>
     <span class='ocr_line' id='line_1_18' title="bbox 207 1297 1703 1345; baseline 0 -12"><span class='ocrx_word' id='word_1_203' title='bbox 207 1297 295 1345; x_wconf 84' lang='lat' dir='ltr'><strong>quod</strong></span> <span class='ocrx_word' id='word_1_204' title='bbox 305 1297 456 1333; x_wconf 85' lang='lat' dir='ltr'><strong>Ananum</strong></span> <span class='ocrx_word' id='word_1_205' title='bbox 478 1298 577 1333; x_wconf 85' lang='lat' dir='ltr'><strong>etiam</strong></span> <span class='ocrx_word' id='word_1_206' title='bbox 594 1298 680 1345; x_wconf 83' lang='lat' dir='ltr'><strong>apud</strong></span> <span class='ocrx_word' id='word_1_207' title='bbox 690 1298 869 1345; x_wconf 81' lang='lat' dir='ltr'><strong>Agrippam</strong></span> <span class='ocrx_word' id='word_1_208' title='bbox 889 1309 1001 1344; x_wconf 84' lang='lat' dir='ltr'><strong>regem</strong></span> <span class='ocrx_word' id='word_1_209' title='bbox 1020 1302 1053 1333; x_wconf 88' lang='lat' dir='ltr'><strong>et</strong></span> <span class='ocrx_word' id='word_1_210' title='bbox 1064 1297 1215 1332; x_wconf 78' lang='lat' dir='ltr'><strong>Albium</strong></span> <span class='ocrx_word' id='word_1_211' title='bbox 1229 1303 1471 1344; x_wconf 88' lang='lat' dir='ltr'><strong>procuratorem</strong></span> <span class='ocrx_word' id='word_1_212' title='bbox 1486 1299 1551 1334; x_wconf 88' lang='lat' dir='ltr'><strong><em>hoc</em></strong></span> <span class='ocrx_word' id='word_1_213' title='bbox 1569 1298 1703 1333; x_wconf 89' lang='lat' dir='ltr'><strong>nomine</strong></span> 
     </span>
     <span class='ocr_line' id='line_1_19' title="bbox 207 1360 1703 1407; baseline 0 -12"><span class='ocrx_word' id='word_1_214' title='bbox 207 1361 412 1404; x_wconf 89' lang='lat' dir='ltr'><strong>insimulant,</strong></span> <span class='ocrx_word' id='word_1_215' title='bbox 446 1372 485 1396; x_wconf 90' lang='lat' dir='ltr'><strong>eo</strong></span> <span class='ocrx_word' id='word_1_216' title='bbox 504 1373 581 1396; x_wconf 82' lang='lat' dir='ltr'><strong>vero</strong></span> <span class='ocrx_word' id='word_1_217' title='bbox 601 1360 774 1395; x_wconf 87' lang='lat' dir='ltr'><strong>Pharisaei</strong></span> <span class='ocrx_word' id='word_1_218' title='bbox 796 1360 837 1395; x_wconf 91' lang='lat' dir='ltr'><strong>de</strong></span> <span class='ocrx_word' id='word_1_219' title='bbox 860 1360 957 1407; x_wconf 85' lang='lat' dir='ltr'><strong>plebe</strong></span> <span class='ocrx_word' id='word_1_220' title='bbox 982 1360 1196 1395; x_wconf 86' lang='lat' dir='ltr'><strong>declarantur.</strong></span> <span class='ocrx_word' id='word_1_221' title='bbox 1246 1361 1519 1396; x_wconf 86' lang='lat' dir='ltr'><strong>Sacerdotum</strong></span> <span class='ocrx_word' id='word_1_222' title='bbox 1550 1361 1597 1396; x_wconf 91' lang='lat' dir='ltr'><strong>de</strong></span> <span class='ocrx_word' id='word_1_223' title='bbox 1621 1373 1703 1395; x_wconf 85' lang='lat' dir='ltr'><strong><em>nu-</em></strong></span> 
     </span>
     <span class='ocr_line' id='line_1_20' title="bbox 207 1423 1703 1473; baseline 0.001 -15"><span class='ocrx_word' id='word_1_224' title='bbox 207 1435 316 1458; x_wconf 90' lang='lat' dir='ltr'><strong>mero</strong></span> <span class='ocrx_word' id='word_1_225' title='bbox 336 1423 559 1460; x_wconf 85' lang='lat' dir='ltr'><strong>Pharisaei</strong></span> <span class='ocrx_word' id='word_1_226' title='bbox 581 1424 662 1458; x_wconf 82' lang='lat' dir='ltr'><strong>alias</strong></span> <span class='ocrx_word' id='word_1_227' title='bbox 684 1424 781 1458; x_wconf 84' lang='lat' dir='ltr'><strong>aliter</strong></span> <span class='ocrx_word' id='word_1_228' title='bbox 799 1423 1022 1469; x_wconf 82' lang='lat' dir='ltr'><strong>significantur</strong></span> <span class='ocrx_word' id='word_1_229' title='bbox 1042 1436 1072 1458; x_wconf 81' lang='lat' dir='ltr'><strong><em>v.</em></strong></span> <span class='ocrx_word' id='word_1_230' title='bbox 1087 1435 1117 1458; x_wconf 88' lang='lat' dir='ltr'><strong><em>c.</em></strong></span> <span class='ocrx_word' id='word_1_231' title='bbox 1133 1424 1175 1458; x_wconf 91' lang='lat' dir='ltr'><strong><em>B.</em></strong></span> <span class='ocrx_word' id='word_1_232' title='bbox 1189 1424 1221 1459; x_wconf 89' lang='grc' dir='ltr'><strong>Ι.</strong></span> <span class='ocrx_word' id='word_1_233' title='bbox 1236 1426 1270 1468; x_wconf 94' lang='grc'><strong><em>2,</em></strong></span> <span class='ocrx_word' id='word_1_234' title='bbox 1289 1427 1344 1468; x_wconf 88' lang='grc'><strong>17,</strong></span> <span class='ocrx_word' id='word_1_235' title='bbox 1360 1427 1395 1458; x_wconf 77' lang='lat'><strong><em>4.</em></strong></span> <span class='ocrx_word' id='word_1_236' title='bbox 1420 1426 1576 1473; x_wconf 75' lang='grc' dir='ltr'><strong><em>παρῆγον</em></strong></span> <span class='ocrx_word' id='word_1_237' title='bbox 1598 1423 1703 1467; x_wconf 84' lang='grc' dir='ltr'><strong><em>τοὺς</em></strong></span> 
     </span>
    </p>
   </div>
   <div class='ocr_carea' id='block_1_2' title="bbox 739 140 885 148">
    <p class='ocr_par' dir='ltr' id='par_1_2' title="bbox 739 140 885 148">
     <span class='ocr_line' id='line_1_21' title="bbox 739 140 885 148; baseline 0 0"><span class='ocrx_word' id='word_1_238' title='bbox 739 140 885 148; x_wconf 95' lang='lat' dir='ltr'><strong><em> </em></strong></span> 
     </span>
    </p>
   </div>
   <div class='ocr_carea' id='block_1_3' title="bbox 1012 140 1158 148">
    <p class='ocr_par' dir='ltr' id='par_1_3' title="bbox 1012 140 1158 148">
     <span class='ocr_line' id='line_1_22' title="bbox 1012 140 1158 148; baseline 0 0"><span class='ocrx_word' id='word_1_239' title='bbox 1012 140 1158 148; x_wconf 95' lang='lat' dir='ltr'><strong><em> </em></strong></span> 
     </span>
    </p>
   </div>
   <div class='ocr_carea' id='block_1_4' title="bbox 205 1486 1710 2175">
    <p class='ocr_par' dir='ltr' id='par_1_4' title="bbox 205 1486 1710 2175">
     <span class='ocr_line' id='line_1_23' title="bbox 210 1486 1703 1534; baseline -0.001 -12"><span class='ocrx_word' id='word_1_240' title='bbox 210 1487 442 1534; x_wconf 75' lang='grc' dir='ltr'><strong><em>ἐμπείρους</em></strong></span> <span class='ocrx_word' id='word_1_241' title='bbox 464 1488 547 1523; x_wconf 88' lang='grc' dir='ltr'><strong><em>τῶν</em></strong></span> <span class='ocrx_word' id='word_1_242' title='bbox 567 1488 758 1534; x_wconf 88' lang='grc' dir='ltr'><strong><em>πατρίων</em></strong></span> <span class='ocrx_word' id='word_1_243' title='bbox 781 1489 916 1534; x_wconf 79' lang='grc' dir='ltr'><strong><em>ἱερεῖς</em></strong></span> <span class='ocrx_word' id='word_1_244' title='bbox 936 1487 977 1521; x_wconf 86' lang='lat' dir='ltr'><strong>de</strong></span> <span class='ocrx_word' id='word_1_245' title='bbox 991 1486 1222 1521; x_wconf 86' lang='lat' dir='ltr'><strong>sacrificiorum</strong></span> <span class='ocrx_word' id='word_1_246' title='bbox 1240 1487 1310 1520; x_wconf 91' lang='lat' dir='ltr'><strong>iure</strong></span> <span class='ocrx_word' id='word_1_247' title='bbox 1325 1499 1543 1533; x_wconf 84' lang='lat' dir='ltr'><strong>responsuros</strong></span> <span class='ocrx_word' id='word_1_248' title='bbox 1559 1488 1703 1522; x_wconf 84' lang='lat' dir='ltr'><strong>scilicet.</strong></span> 
     </span>
     <span class='ocr_line' id='line_1_24' title="bbox 208 1548 1705 1600; baseline 0.001 -15"><span class='ocrx_word' id='word_1_249' title='bbox 208 1560 240 1585; x_wconf 91' lang='lat' dir='ltr'><strong><em>c.</em></strong></span> <span class='ocrx_word' id='word_1_250' title='bbox 255 1549 323 1598; x_wconf 83' lang='lat' dir='ltr'><strong>Ap.</strong></span> <span class='ocrx_word' id='word_1_251' title='bbox 343 1552 375 1594; x_wconf 93' lang='grc'><strong><em>1,</em></strong></span> <span class='ocrx_word' id='word_1_252' title='bbox 393 1552 450 1585; x_wconf 92' lang='grc'><strong><em>10.</em></strong></span> <span class='ocrx_word' id='word_1_253' title='bbox 473 1549 616 1598; x_wconf 77' lang='grc' dir='ltr'><strong><em>γεγονὼς</em></strong></span> <span class='ocrx_word' id='word_1_254' title='bbox 635 1548 773 1600; x_wconf 82' lang='grc' dir='ltr'><strong><em>ἱερεὺς</em></strong></span> <span class='ocrx_word' id='word_1_255' title='bbox 793 1553 829 1586; x_wconf 82' lang='grc' dir='ltr'><strong><em>ἐκ</em></strong></span> <span class='ocrx_word' id='word_1_256' title='bbox 842 1552 959 1595; x_wconf 78' lang='grc' dir='ltr'><strong><em>γένους</em></strong></span> <span class='ocrx_word' id='word_1_257' title='bbox 972 1551 1029 1586; x_wconf 84' lang='grc' dir='ltr'><strong><em>καὶ</em></strong></span> <span class='ocrx_word' id='word_1_258' title='bbox 1042 1548 1245 1599; x_wconf 81' lang='grc' dir='ltr'><strong><em>μετεσχηκὼς</em></strong></span> <span class='ocrx_word' id='word_1_259' title='bbox 1261 1551 1322 1599; x_wconf 86' lang='grc' dir='ltr'><strong><em>τῆς</em></strong></span> <span class='ocrx_word' id='word_1_260' title='bbox 1339 1552 1609 1599; x_wconf 83' lang='grc' dir='ltr'><strong><em>φιλοσοφίας</em></strong></span> <span class='ocrx_word' id='word_1_261' title='bbox 1629 1551 1705 1599; x_wconf 84' lang='grc' dir='ltr'><strong><em>τῆς</em></strong></span> 
     </span>
     <span class='ocr_line' id='line_1_25' title="bbox 208 1613 1705 1664; baseline -0.001 -14"><span class='ocrx_word' id='word_1_262' title='bbox 208 1617 245 1650; x_wconf 79' lang='grc' dir='ltr'><strong><em>ἐν</em></strong></span> <span class='ocrx_word' id='word_1_263' title='bbox 257 1615 397 1657; x_wconf 81' lang='grc' dir='ltr'><strong><em>ἐκείνοις</em></strong></span> <span class='ocrx_word' id='word_1_264' title='bbox 407 1621 480 1658; x_wconf 90' lang='grc' dir='ltr'><strong><em>τοῖς</em></strong></span> <span class='ocrx_word' id='word_1_265' title='bbox 491 1614 675 1664; x_wconf 80' lang='grc' dir='ltr'><strong><em>γράμμασι.</em></strong></span> <span class='ocrx_word' id='word_1_266' title='bbox 700 1614 756 1648; x_wconf 90' lang='lat' dir='ltr'><strong>cll.</strong></span> <span class='ocrx_word' id='word_1_267' title='bbox 767 1614 862 1648; x_wconf 84' lang='lat' dir='ltr'><strong>Antt.</strong></span> <span class='ocrx_word' id='word_1_268' title='bbox 879 1615 937 1656; x_wconf 91' lang='grc'><strong><em>20,</em></strong></span> <span class='ocrx_word' id='word_1_269' title='bbox 955 1615 1011 1657; x_wconf 93' lang='grc'><strong><em>12,</em></strong></span> <span class='ocrx_word' id='word_1_270' title='bbox 1030 1617 1062 1647; x_wconf 92' lang='lat' dir='ltr'><strong><em>l.</em></strong></span> <span class='ocrx_word' id='word_1_271' title='bbox 1087 1613 1150 1661; x_wconf 73' lang='grc' dir='ltr'><strong><em>ἐγὼ</em></strong></span> <span class='ocrx_word' id='word_1_272' title='bbox 1161 1613 1405 1662; x_wconf 84' lang='grc' dir='ltr'><strong><em>ὡμολογούμην</em></strong></span> <span class='ocrx_word' id='word_1_273' title='bbox 1419 1614 1515 1664; x_wconf 84' lang='grc' dir='ltr'><strong><em>παρὰ</em></strong></span> <span class='ocrx_word' id='word_1_274' title='bbox 1529 1629 1559 1650; x_wconf 84' lang='grc' dir='ltr'><strong><em>τ.</em></strong></span> <span class='ocrx_word' id='word_1_275' title='bbox 1575 1614 1705 1661; x_wconf 73' lang='grc' dir='ltr'><strong><em>ὁμοεθ-</em></strong></span> 
     </span>
     <span class='ocr_line' id='line_1_26' title="bbox 208 1675 1703 1727; baseline 0.001 -14"><span class='ocrx_word' id='word_1_276' title='bbox 208 1677 276 1713; x_wconf 86' lang='grc' dir='ltr'><strong><em>νῶν</em></strong></span> <span class='ocrx_word' id='word_1_277' title='bbox 293 1679 452 1714; x_wconf 78' lang='grc' dir='ltr'><strong><em>πλεῖστον</em></strong></span> <span class='ocrx_word' id='word_1_278' title='bbox 470 1678 584 1715; x_wconf 83' lang='grc' dir='ltr'><strong><em>αὐτῶν</em></strong></span> <span class='ocrx_word' id='word_1_279' title='bbox 603 1676 691 1714; x_wconf 85' lang='grc' dir='ltr'><strong><em>κατὰ</em></strong></span> <span class='ocrx_word' id='word_1_280' title='bbox 705 1676 769 1726; x_wconf 82' lang='grc' dir='ltr'><strong><em>τὴν</em></strong></span> <span class='ocrx_word' id='word_1_281' title='bbox 789 1675 1017 1726; x_wconf 86' lang='grc' dir='ltr'><strong><em>ἐπιχώριον</em></strong></span> <span class='ocrx_word' id='word_1_282' title='bbox 1040 1678 1245 1712; x_wconf 86' lang='grc' dir='ltr'><strong><em>παιδείαν</em></strong></span> <span class='ocrx_word' id='word_1_283' title='bbox 1265 1679 1444 1727; x_wconf 74' lang='grc' dir='ltr'><strong><em>διαφέρειν.</em></strong></span> <span class='ocrx_word' id='word_1_284' title='bbox 1472 1679 1530 1713; x_wconf 83' lang='lat' dir='ltr'><strong>vit.</strong></span> <span class='ocrx_word' id='word_1_285' title='bbox 1547 1680 1582 1712; x_wconf 91' lang='grc'><strong>2.</strong></span> <span class='ocrx_word' id='word_1_286' title='bbox 1597 1679 1643 1712; x_wconf 86' lang='lat' dir='ltr'><strong><em>iu.</em></strong></span> <span class='ocrx_word' id='word_1_287' title='bbox 1666 1677 1703 1714; x_wconf 93' lang='grc' dir='ltr'><em>Ὁ</em></span> 
     </span>
     <span class='ocr_line' id='line_1_27' title="bbox 205 1739 1705 1791; baseline 0 -14"><span class='ocrx_word' id='word_1_288' title='bbox 205 1740 319 1791; x_wconf 61' lang='grc' dir='ltr'><strong><em>ιπατὴρ</em></strong></span> <span class='ocrx_word' id='word_1_289' title='bbox 339 1743 382 1777; x_wconf 81' lang='grc' dir='ltr'><strong><em>δέ</em></strong></span> <span class='ocrx_word' id='word_1_290' title='bbox 397 1756 466 1788; x_wconf 90' lang='grc' dir='ltr'><strong><em>μου</em></strong></span> <span class='ocrx_word' id='word_1_291' title='bbox 480 1744 652 1786; x_wconf 78' lang='grc' dir='ltr'><strong><em>Ματθίας</em></strong></span> <span class='ocrx_word' id='word_1_292' title='bbox 665 1740 707 1778; x_wconf 87' lang='grc' dir='ltr'><strong><em>οὐ</em></strong></span> <span class='ocrx_word' id='word_1_293' title='bbox 721 1740 780 1777; x_wconf 81' lang='grc' dir='ltr'><strong><em>διὰ</em></strong></span> <span class='ocrx_word' id='word_1_294' title='bbox 802 1740 912 1789; x_wconf 86' lang='grc' dir='ltr'><strong><em>μόνην</em></strong></span> <span class='ocrx_word' id='word_1_295' title='bbox 932 1739 993 1789; x_wconf 86' lang='grc' dir='ltr'><strong><em>τὴν</em></strong></span> <span class='ocrx_word' id='word_1_296' title='bbox 1007 1739 1227 1784; x_wconf 83' lang='grc' dir='ltr'><strong><em>εὐγένειαν</em></strong></span> <span class='ocrx_word' id='word_1_297' title='bbox 1248 1743 1413 1789; x_wconf 81' lang='grc' dir='ltr'><strong><em>ἐπίσημος</em></strong></span> <span class='ocrx_word' id='word_1_298' title='bbox 1432 1740 1477 1790; x_wconf 79' lang='grc' dir='ltr'><strong><em>ἢν</em></strong></span> <span class='ocrx_word' id='word_1_299' title='bbox 1498 1741 1582 1777; x_wconf 86' lang='grc' dir='ltr'><strong><em>ἀλλὰ</em></strong></span> <span class='ocrx_word' id='word_1_300' title='bbox 1601 1744 1705 1778; x_wconf 75' lang='grc' dir='ltr'><strong><em>πλέον</em></strong></span> 
     </span>
     <span class='ocr_line' id='line_1_28' title="bbox 210 1802 1705 1854; baseline 0.001 -15"><span class='ocrx_word' id='word_1_301' title='bbox 210 1802 271 1840; x_wconf 79' lang='grc' dir='ltr'><strong><em>διὰ</em></strong></span> <span class='ocrx_word' id='word_1_302' title='bbox 292 1802 354 1852; x_wconf 81' lang='grc' dir='ltr'><strong><em>τὴν</em></strong></span> <span class='ocrx_word' id='word_1_303' title='bbox 376 1804 665 1854; x_wconf 81' lang='grc' dir='ltr'><strong><em>δικαιοσύνην</em></strong></span> <span class='ocrx_word' id='word_1_304' title='bbox 684 1808 855 1853; x_wconf 84' lang='grc' dir='ltr'><strong><em>ἐπηνεῖτο,</em></strong></span> <span class='ocrx_word' id='word_1_305' title='bbox 877 1802 1210 1852; x_wconf 84' lang='grc' dir='ltr'><strong><em>γνωριμώτατος</em></strong></span> <span class='ocrx_word' id='word_1_306' title='bbox 1231 1803 1278 1840; x_wconf 75' lang='grc' dir='ltr'><strong><em>ὢν</em></strong></span> <span class='ocrx_word' id='word_1_307' title='bbox 1292 1808 1328 1840; x_wconf 85' lang='grc' dir='ltr'><strong><em>ἐν</em></strong></span> <span class='ocrx_word' id='word_1_308' title='bbox 1341 1824 1390 1830; x_wconf 89' lang='lat'><strong><em>-—</em></strong></span> <span class='ocrx_word' id='word_1_309' title='bbox 1402 1825 1453 1830; x_wconf 97' lang='lat'>—</span> <span class='ocrx_word' id='word_1_310' title='bbox 1465 1812 1539 1849; x_wconf 87' lang='grc' dir='ltr'><strong><em>τοῖς</em></strong></span> <span class='ocrx_word' id='word_1_311' title='bbox 1549 1805 1705 1854; x_wconf 86' lang='grc' dir='ltr'><strong><em>Ἱεροσο-</em></strong></span> 
     </span>
     <span class='ocr_line' id='line_1_29' title="bbox 208 1865 1705 1916; baseline 0.001 -12"><span class='ocrx_word' id='word_1_312' title='bbox 208 1865 333 1915; x_wconf 80' lang='grc' dir='ltr'><strong><em>λύμοις.</em></strong></span> <span class='ocrx_word' id='word_1_313' title='bbox 379 1867 452 1903; x_wconf 88' lang='lat' dir='ltr'><strong>Hac</strong></span> <span class='ocrx_word' id='word_1_314' title='bbox 476 1873 556 1903; x_wconf 83' lang='lat' dir='ltr'><strong>nota</strong></span> <span class='ocrx_word' id='word_1_315' title='bbox 575 1869 660 1903; x_wconf 87' lang='lat' dir='ltr'><strong>enim</strong></span> <span class='ocrx_word' id='word_1_316' title='bbox 680 1872 857 1902; x_wconf 88' lang='lat' dir='ltr'><strong>noscuntur</strong></span> <span class='ocrx_word' id='word_1_317' title='bbox 875 1873 1069 1916; x_wconf 86' lang='grc' dir='ltr'><strong><em>φαρισαῖοι,</em></strong></span> <span class='ocrx_word' id='word_1_318' title='bbox 1098 1866 1278 1914; x_wconf 84' lang='grc' dir='ltr'><strong><em>σύνταγμά</em></strong></span> <span class='ocrx_word' id='word_1_319' title='bbox 1300 1882 1333 1904; x_wconf 93' lang='grc' dir='ltr'><strong><em>τι</em></strong></span> <span class='ocrx_word' id='word_1_320' title='bbox 1351 1867 1546 1912; x_wconf 90' lang='grc' dir='ltr'><strong><em>Ἰουδαίων,</em></strong></span> <span class='ocrx_word' id='word_1_321' title='bbox 1572 1871 1705 1907; x_wconf 74' lang='grc' dir='ltr'><strong><em>δοκοῦν</em></strong></span> 
     </span>
     <span class='ocr_line' id='line_1_30' title="bbox 209 1929 1708 1981; baseline 0.001 -13"><span class='ocrx_word' id='word_1_322' title='bbox 209 1930 518 1979; x_wconf 78' lang='grc' dir='ltr'><strong><em>εὐσεβέστερον</em></strong></span> <span class='ocrx_word' id='word_1_323' title='bbox 542 1934 628 1967; x_wconf 85' lang='grc' dir='ltr'><strong><em>εἶναι</em></strong></span> <span class='ocrx_word' id='word_1_324' title='bbox 646 1933 713 1967; x_wconf 85' lang='grc' dir='ltr'><strong><em>τῶν</em></strong></span> <span class='ocrx_word' id='word_1_325' title='bbox 733 1929 851 1966; x_wconf 78' lang='grc' dir='ltr'><strong><em>ἄλλων.</em></strong></span> <span class='ocrx_word' id='word_1_326' title='bbox 875 1931 932 1965; x_wconf 89' lang='lat' dir='ltr'><strong>cll.</strong></span> <span class='ocrx_word' id='word_1_327' title='bbox 947 1930 1035 1965; x_wconf 90' lang='lat' dir='ltr'><strong>Luc.</strong></span> <span class='ocrx_word' id='word_1_328' title='bbox 1056 1932 1112 1975; x_wconf 89' lang='lat'><strong>18,</strong></span> <span class='ocrx_word' id='word_1_329' title='bbox 1128 1934 1164 1965; x_wconf 82' lang='lat'><strong><em>9.</em></strong></span> <span class='ocrx_word' id='word_1_330' title='bbox 1187 1930 1397 1975; x_wconf 77' lang='grc' dir='ltr'><strong><em>πεποιθότες</em></strong></span> <span class='ocrx_word' id='word_1_331' title='bbox 1414 1931 1469 1981; x_wconf 83' lang='grc' dir='ltr'><strong><em>ἐφ’</em></strong></span> <span class='ocrx_word' id='word_1_332' title='bbox 1494 1937 1631 1977; x_wconf 78' lang='grc' dir='ltr'><strong><em>ἑαυτοῖς</em></strong></span> <span class='ocrx_word' id='word_1_333' title='bbox 1652 1932 1708 1970; x_wconf 85' lang='grc' dir='ltr'><strong><em>ὅτι</em></strong></span> 
     </span>
     <span class='ocr_line' id='line_1_31' title="bbox 210 1992 1710 2047; baseline 0.001 -13"><span class='ocrx_word' id='word_1_334' title='bbox 210 1997 276 2034; x_wconf 76' lang='grc' dir='ltr'><strong><em>εἶσὶ</em></strong></span> <span class='ocrx_word' id='word_1_335' title='bbox 294 1995 462 2033; x_wconf 86' lang='grc' dir='ltr'><strong><em>δίκαιοι</em></strong></span> <span class='ocrx_word' id='word_1_336' title='bbox 480 1996 538 2030; x_wconf 84' lang='grc' dir='ltr'><strong><em>καὶ</em></strong></span> <span class='ocrx_word' id='word_1_337' title='bbox 556 1995 816 2038; x_wconf 71' lang='grc' dir='ltr'><strong><em>ἐξασθενοῦντες</em></strong></span> <span class='ocrx_word' id='word_1_338' title='bbox 830 1992 914 2039; x_wconf 85' lang='grc' dir='ltr'><strong><em>τοὺς</em></strong></span> <span class='ocrx_word' id='word_1_339' title='bbox 926 1992 1056 2038; x_wconf 77' lang='grc' dir='ltr'><strong><em>ἄλλους.</em></strong></span> <span class='ocrx_word' id='word_1_340' title='bbox 1086 1994 1130 2029; x_wconf 91' lang='grc' dir='ltr'><strong>Β.</strong></span> <span class='ocrx_word' id='word_1_341' title='bbox 1141 1994 1173 2030; x_wconf 89' lang='lat'><strong><em>1.</em></strong></span> <span class='ocrx_word' id='word_1_342' title='bbox 1189 1996 1225 2040; x_wconf 88' lang='grc'><strong><em>6,</em></strong></span> <span class='ocrx_word' id='word_1_343' title='bbox 1241 1995 1275 2040; x_wconf 88' lang='grc'><strong><em>5,</em></strong></span> <span class='ocrx_word' id='word_1_344' title='bbox 1293 1999 1327 2030; x_wconf 87' lang='lat' dir='ltr'><strong><em>l.</em></strong></span> <span class='ocrx_word' id='word_1_345' title='bbox 1351 1993 1427 2032; x_wconf 82' lang='grc' dir='ltr'><strong><em>Δύο</em></strong></span> <span class='ocrx_word' id='word_1_346' title='bbox 1440 2011 1470 2033; x_wconf 93' lang='grc' dir='ltr'><strong><em>τ.</em></strong></span> <span class='ocrx_word' id='word_1_347' title='bbox 1487 1995 1710 2047; x_wconf 79' lang='grc' dir='ltr'><strong><em>ἐπισήμων</em></strong></span> 
     </span>
     <span class='ocr_line' id='line_1_32' title="bbox 212 2057 1710 2111; baseline 0 -13"><span class='ocrx_word' id='word_1_348' title='bbox 212 2063 362 2109; x_wconf 78' lang='grc' dir='ltr'><strong><em>ἱερεῖς,</em></strong></span> <span class='ocrx_word' id='word_1_349' title='bbox 383 2058 494 2108; x_wconf 87' lang='grc' dir='ltr'><strong><em>παρὸν</em></strong></span> <span class='ocrx_word' id='word_1_350' title='bbox 512 2060 672 2107; x_wconf 79' lang='grc' dir='ltr'><strong><em>σωθῆναι</em></strong></span> <span class='ocrx_word' id='word_1_351' title='bbox 691 2057 777 2108; x_wconf 84' lang='grc' dir='ltr'><strong><em>πρὸς</em></strong></span> <span class='ocrx_word' id='word_1_352' title='bbox 787 2057 974 2105; x_wconf 87' lang='grc' dir='ltr'><strong><em>Ῥωμαίους</em></strong></span> <span class='ocrx_word' id='word_1_353' title='bbox 992 2059 1183 2105; x_wconf 83' lang='grc' dir='ltr'><strong><em>μεταστᾶσι</em></strong></span> <span class='ocrx_word' id='word_1_354' title='bbox 1198 2079 1249 2085; x_wconf 93' lang='grc'><strong>-</strong></span> <span class='ocrx_word' id='word_1_355' title='bbox 1262 2080 1311 2086; x_wconf 85' lang='grc'><strong>-</strong></span> <span class='ocrx_word' id='word_1_356' title='bbox 1332 2059 1479 2105; x_wconf 75' lang='grc' dir='ltr'><strong><em>ἑαυτοὺς</em></strong></span> <span class='ocrx_word' id='word_1_357' title='bbox 1498 2060 1643 2111; x_wconf 74' lang='grc' dir='ltr'><strong><em>ἔρριψαν</em></strong></span> <span class='ocrx_word' id='word_1_358' title='bbox 1663 2066 1710 2106; x_wconf 83' lang='grc' dir='ltr'><strong><em>εἰς</em></strong></span> 
     </span>
     <span class='ocr_line' id='line_1_33' title="bbox 210 2120 1706 2175; baseline 0.001 -13"><span class='ocrx_word' id='word_1_359' title='bbox 210 2122 254 2163; x_wconf 89' lang='grc' dir='ltr'><strong><em>τὸ</em></strong></span> <span class='ocrx_word' id='word_1_360' title='bbox 272 2124 342 2175; x_wconf 86' lang='grc' dir='ltr'><strong><em>πῦρ</em></strong></span> <span class='ocrx_word' id='word_1_361' title='bbox 360 2124 417 2161; x_wconf 79' lang='grc' dir='ltr'><strong><em>καὶ</em></strong></span> <span class='ocrx_word' id='word_1_362' title='bbox 442 2136 473 2161; x_wconf 81' lang='grc' dir='ltr'><strong><em>τ.</em></strong></span> <span class='ocrx_word' id='word_1_363' title='bbox 500 2123 570 2172; x_wconf 80' lang='grc' dir='ltr'><strong><em>ναῷ</em></strong></span> <span class='ocrx_word' id='word_1_364' title='bbox 594 2124 920 2173; x_wconf 79' lang='grc' dir='ltr'><strong><em>συγκατεφλέφησαν.</em></strong></span> <span class='ocrx_word' id='word_1_365' title='bbox 964 2120 1114 2169; x_wconf 61' lang='lat' dir='ltr'><strong>Meu-tyrii</strong></span> <span class='ocrx_word' id='word_1_366' title='bbox 1141 2122 1226 2158; x_wconf 90' lang='lat' dir='ltr'><strong>euim</strong></span> <span class='ocrx_word' id='word_1_367' title='bbox 1250 2122 1381 2160; x_wconf 84' lang='lat' dir='ltr'><strong>laudem</strong></span> <span class='ocrx_word' id='word_1_368' title='bbox 1403 2124 1577 2163; x_wconf 83' lang='lat' dir='ltr'><strong>Pharisaei</strong></span> <span class='ocrx_word' id='word_1_369' title='bbox 1604 2131 1706 2163; x_wconf 82' lang='lat' dir='ltr'><strong>morte</strong></span> 
     </span>
    </p>
   </div>
  </div>
 </body>
</html>
