1947 2424
969 112 1043 156 13
1085 135 1229 142 --

254 211 422 260 popularis
443 223 534 247 amor
552 212 719 260 regiminis
738 211 941 260 studiumque
968 213 1094 260 gratiae
1114 212 1228 261 populi
1249 211 1430 260 captandae
1455 211 1656 248 laudaretur.
1704 210 1757 247 lta

255 274 462 320 Ananiae,
485 276 654 311 Nebedaei
674 277 761 319 filio,
788 289 881 322 quem
904 277 1056 312 Herodes
1072 277 1220 323 Agrippa
1234 277 1461 312 Chalcidensis
1475 276 1620 322 Iosepho
1638 275 1756 311 Cami-

256 339 314 374 dae
328 350 411 375 anno
427 352 462 388 p.
479 336 520 375 c.'
535 351 568 374 n.
581 341 641 375 48.
657 340 848 384 suffecerat,
868 339 1048 376 Ummidius
1065 340 1249 386 Quadratus
1269 343 1395 386 autem,
1418 339 1605 376 Proconsul
1621 337 1753 385 Syriae,

252 403 388 438 Romam
409 405 541 439 missum
559 404 681 438 iudicio
707 404 860 439 Caesaris
880 404 1059 439 tradiderat
1075 404 1192 449 ¹(Antt.
1216 407 1274 448 20,
1291 406 1325 448 5,
1342 407 1376 439 2.
1404 405 1447 439 B.
1459 404 1491 439 Ι.
1507 406 1541 448 2,
1561 405 1617 446 12,
1633 404 1669 436 6.
1695 405 1752 446 17,

254 469 287 501 2.
302 468 355 514 9.)
372 479 513 503 summae
530 468 619 503 laudi
634 467 773 511 ducitur,
800 467 886 513 quod
899 467 1019 502 Albino
1035 471 1247 514 procuratore
1260 466 1405 517 ἑκάστην
1419 467 1546 518 ἡμέραν
1559 468 1752 515 προέκοπτε-

232 530 381 579 χδόξης
404 533 460 567 καὶ
486 533 544 580 τῆς
569 530 666 578 παρὰ
690 532 757 566 τῶν
778 532 925 567 πολιτῶν
944 530 1120 575 εὐνοίας
1141 546 1178 567 τε
1197 534 1254 567 καὶ
1274 533 1403 581 τιμῆς
1420 532 1557 580 ἠξιοῦτο
1578 533 1751 579 λαμπρῶς.

251 594 304 629 Ita
319 592 496 639 Gorion,
521 594 656 643 Iosephi
669 594 777 639 filius,
800 595 1008 641 praedicatur
1022 592 1186 640 ἀξιώματι
1199 597 1264 641 μὲν
1276 597 1333 631 καὶ
1352 599 1466 641 γένει
1487 599 1649 645 προέχων,
1674 597 1751 644 δη-

250 658 507 707 μοκρατικὸς
526 661 636 696 δὲκαὶ
654 657 868 708 φρονήματος
882 660 1080 707 ἐλευθερίου
1092 658 1226 706 μεστὸς,
1243 663 1275 695 εἰ
1287 661 1345 695 καί
1356 673 1408 704 τις
1422 662 1535 709 ἕτερος
1552 658 1746 697 Ἰουδαίων.

251 723 293 757 Β.
308 723 338 757 1.
352 725 392 767 4,-
401 726 435 767 6,
455 726 486 757 1.
504 724 559 758 cll.
575 726 610 767 3,
627 727 661 768 9,
707 724 759 759 Ita
773 725 951 766 Ananus,
975 724 1084 757 Anani
1099 724 1197 767 filius,
1223 735 1317 770 quem
1334 724 1410 758 olim
1423 723 1599 758 Pontificio
1615 736 1748 759 munere

250 786 392 821 functum
411 798 508 834 supra
529 786 713 831 docuimus,
738 799 832 834 quum
854 798 874 821 a
896 786 1015 821 zelotis
1034 786 1141 834 palam
1159 786 1261 821 occisi
1276 798 1394 835 corpus
1410 788 1607 835 insepultum
1621 788 1656 823 in
1673 788 1748 822 foro

250 852 429 897 proiectum
443 851 579 894 iaceret,
605 852 746 896 quamvis
763 850 976 885 Sadducaeus
990 854 1090 892 esset,
1113 851 1165 884 his
1176 851 1282 883 verbis
1299 850 1510 885 describitur:
1532 850 1577 898 ἦν
1588 871 1639 877 -
1651 851 1747 898 παρὰ

249 913 309 950 τὸν
323 912 425 959 ὄγκον
438 926 467 948 τ.
482 911 646 959 εὐγενείας
657 915 714 949 καὶ
726 914 784 962 τῆς
798 911 892 957 ἀξίας
905 914 962 949 καὶ
974 909 1012 961 ἧς
1024 914 1090 958 εἶχε
1103 913 1212 962 τιμῆς,
1237 910 1381 962 ἠγαπη
1390 912 1466 958 κὼς
1479 907 1530 951 τὸ
1539 918 1582 951 ἰσ
1591 913 1747 961 ότιμον

249 981 306 1014 καὶ
323 977 409 1026 πρὸς
421 976 503 1020 τοὺς
514 976 792 1020 ταπεινοτάτους,
814 976 1049 1025 φιλελεύθερος
1063 979 1103 1012 δὲ
1116 975 1264 1019 ἐκτόπως
1276 979 1333 1012 καὶ
1346 979 1397 1025 δη
1403 991 1483 1023 μοκ
1491 991 1510 1025 ρ
1519 980 1591 1015 ατί
1596 992 1618 1013 α
1626 991 1644 1021 ς
1656 982 1674 1013 ἐ
1680 991 1701 1025 ρ
1709 992 1749 1013 α·

249 1037 364 1091 στὴς,
389 1039 457 1090 πρό
473 1055 509 1077 τε
522 1039 587 1077 τῶν
602 1042 698 1078 ἰδίων
718 1041 894 1077 λυσιτελῶν
914 1039 963 1077 τὸ
983 1042 1105 1090 κοινῇ
1125 1044 1344 1091 συμφέρον
1366 1040 1419 1078 ἀεὶ
1441 1044 1630 1089 τιθέμενος
1655 1042 1699 1077 Β.
1714 1041 1745 1076 Ι.

249 1112 283 1151 4,
299 1109 332 1150 5,
346 1109 381 1141 2.
428 1106 482 1140 Ita
499 1106 721 1147 Matthias,
752 1105 873 1139 Boethi
894 1105 979 1138 filius
997 1105 1084 1139 idem
1102 1106 1178 1148 ille,
1204 1106 1258 1150 qui
1278 1117 1361 1139 anno
1383 1106 1461 1139 belli
1483 1106 1611 1139 Iudaici
1633 1107 1745 1148 tertio,

247 1170 397 1218 precibus
409 1168 516 1215 plebis
531 1168 646 1212 victus,
660 1166 828 1203 Simonem
841 1167 911 1201 Bar
918 1166 1023 1203 Giora
1035 1171 1201 1213 tyrannum
1216 1168 1436 1203 saevissimum
1450 1168 1483 1202 in
1499 1167 1622 1203 Urbem
1636 1169 1746 1203 intro-

249 1235 352 1276 misit,
377 1233 428 1266 his
451 1236 584 1266 ornatur
604 1232 775 1277 epithetis:
800 1234 837 1266 ἐν
856 1237 927 1273 τοῖς
948 1229 1096 1275 μάλιστα
1117 1232 1163 1276 τῷ
1185 1230 1303 1278 δήμῳ
1323 1230 1474 1274 πιστὸς
1493 1235 1563 1267 καὶ
1587 1234 1745 1278 τίμιος.
1764 1272 1769 1276 .

248 1299 290 1332 B.
304 1297 334 1330 I.
356 1297 389 1339 5,
406 1297 463 1338 13,
483 1297 514 1328 l.
533 1294 589 1328 cll.
606 1295 642 1337 4,
658 1296 770 1337 9511.
821 1293 907 1337 Quid
926 1293 1013 1339 quod
1034 1293 1237 1327 sacerdotum
1260 1298 1293 1328 et
1322 1295 1508 1340 optimatum
1536 1294 1619 1328 illud
1646 1306 1745 1328 aurae

250 1359 416 1408 popularis
441 1358 611 1404 aucupium
630 1361 697 1392 tum
717 1357 871 1403 temporis
893 1356 976 1391 adeo
1002 1357 1253 1402 degeneraverat
1280 1362 1313 1391 et
1335 1359 1368 1391 in
1396 1358 1617 1401 adulationes,
1648 1358 1744 1391 blan-

252 1424 367 1466 ditias,
398 1420 637 1455 assentationes
657 1423 691 1455 et
710 1419 861 1466 indignas
878 1419 997 1454 amoris
1018 1431 1096 1466 erga
1113 1419 1264 1466 populum
1286 1420 1508 1455 simulationes
1521 1424 1685 1464 verterat,
1710 1424 1746 1454 ut

249 1487 359 1530 Philo,
379 1488 551 1532 postquam
565 1483 759 1519 ethnarchae
773 1482 967 1518 Iudaeorum
981 1494 1041 1530 per
1052 1483 1233 1529 Aegyptum
1244 1483 1440 1529 provinciam
1453 1484 1571 1522 invitus
1585 1484 1745 1526 adiverat,

250 1549 390 1597 quamvis
412 1547 577 1593 legitimae
600 1557 640 1581 ac
660 1546 827 1592 popularis
848 1545 882 1579 in
903 1546 1000 1580 rebus
1022 1546 1193 1592 causisque
1209 1546 1322 1580 civium
1339 1546 1579 1593 aequabilitatis
1593 1546 1745 1581 laudator

250 1615 424 1649 exsisteret
444 1612 545 1656 caque
566 1609 705 1644 colenda
731 1608 978 1655 comparandam
1005 1609 1205 1644 subditorum
1233 1610 1486 1644 benevolentiam
1511 1610 1554 1644 ad
1575 1610 1744 1645 levandam

250 1678 450 1724 principatus
469 1674 653 1708 molestiam
675 1676 710 1707 et
721 1672 840 1706 'utilem
861 1676 896 1706 et
914 1673 1134 1706 necessariam
1147 1672 1281 1707 duceret
1293 1673 1346 1717 (2,
1362 1675 1444 1716 363,
1457 1675 1517 1707 43.
1533 1675 1568 1717 2,
1583 1676 1667 1717 364,
1684 1676 1744 1707 32.—

251 1743 285 1783 2,
297 1741 376 1782 187,
392 1738 479 1783 16.),
492 1741 598 1771 tamen
611 1747 678 1770 non
692 1735 796 1769 solum
808 1735 958 1769 miseram
972 1746 1011 1768 ac
1025 1735 1264 1769 lamentabilem
1280 1735 1459 1782 principum
1475 1740 1599 1770 sortem
1613 1736 1743 1770 iudica-

250 1807 318 1846 ret,
343 1801 444 1846 (654,
466 1801 544 1845 30.)
569 1799 629 1834 sed
649 1798 746 1833 etiam
764 1798 902 1844 ingenue
922 1798 1098 1841 fateretur,
1123 1810 1284 1843 nunquam
1307 1810 1362 1841 se,
1391 1802 1504 1844 utpote
1526 1800 1742 1833 simulationis

251 1875 378 1900 osorem
399 1863 607 1906 acerrimum,
630 1862 767 1908 gratiam
786 1861 891 1908 plebis
912 1863 1141 1906 aucupaturum
1155 1863 1189 1893 et
1204 1864 1308 1895 morte
1320 1861 1429 1907 potius
1444 1861 1543 1895 animi
1556 1862 1744 1896 libertatem

250 1928 465 1965 redemturum
479 1937 566 1969 esse,
582 1937 675 1971 quam
687 1925 800 1972 populi
812 1924 1006 1971 mancipium
1018 1923 1159 1958 futurum
1173 1923 1227 1969 (2,
1244 1924 1302 1968 51,
1317 1926 1359 1958 31
1377 1925 1481 1971 sqq.).
1514 1923 1744 1960 Sacerdotalis

252 1995 356 2027 autem
372 1989 467 2024 huius
485 1989 552 2023 late
573 1989 734 2035 serpentis
750 1987 933 2022 ambitionis
949 1986 1090 2021 studium
1105 1986 1234 2021 radices
1251 1987 1359 2033 egisse
1373 1991 1439 2021 tum
1453 1987 1488 2022 in
1503 1989 1631 2023 ratione
1647 1993 1746 2035 atque
1767 1985 1769 1987 ¹

249 2054 458 2090 inclinatione
478 2055 665 2098 temporum
676 2056 743 2085 tum
758 2056 838 2085 'vero
857 2052 893 2085 in
904 2050 1164 2084 'Pharisaeorum
1184 2054 1218 2084 et
1234 2051 1367 2096 placitis
1385 2055 1419 2084 et
1431 2052 1596 2096 moribus,
1620 2052 1657 2086 id
1670 2051 1744 2088 'non

250 2118 437 2155 coniectura
454 2114 640 2151 sumendum
654 2113 713 2150 sed
727 2113 864 2150 fidenter
878 2113 1086 2149 asserendum
1099 2117 1192 2161 puto.
1240 2112 1356 2149 Locus
1368 2113 1403 2149 in
1418 2113 1501 2150 hanc
1512 2119 1640 2163 partem
1654 2116 1744 2153 clas-
