1947 2424
248 188 573 238 madungen&
584 190 753 240 βούλομαι
773 191 905 229 διώκειν
922 190 986 243 τὴν
1008 190 1227 247 εὗκλειανς
1249 192 1297 227 ib.
1319 195 1377 236 11,
1395 192 1431 226 2.
1458 192 1623 237 μέγιστον
1639 184 1752 224 αὐτοῦ

244 255 367 298 κλέος
391 256 448 291 καὶ
473 264 693 305 μνημεῖον.
719 258 766 292 ib.
789 260 846 302 13,
866 260 901 302 3,
925 261 958 292 1.
986 257 1167 292 Ptolemaei
1188 256 1423 292 Philometor-is
1446 253 1600 291 Graecae
1622 251 1752 287 Pem-

247 317 357 352 teucbi
372 319 533 355 versionis
551 322 695 357 auctoris
712 320 826 371 μνήμη
849 323 906 358 καὶ
925 319 1030 365 δόξα
1050 319 1242 365 αἰώνιος,·
1264 321 1310 355 ib.
1329 320 1385 365 15,
1403 320 1461 364 10,
1475 318 1511 353 5.
1529 320 1586 362 11,
1603 319 1637 351 l.
1661 314 1749 358 δόξα

245 380 589 429 αἰώνιος-αἰώνιος
606 385 742 435 μνήμῃ
765 387 812 421 ib.
837 388 893 430 16,
915 388 949 430 2,
968 388 1005 420 4.
1029 385 1196 432 Antipatri
1217 383 1537 433 ἀνδραγαθίαν
1563 379 1750 428 ἀειμνη-

241 444 427 492 μόνευτο
435 460 456 482 ν
461 461 475 490 ,·
504 448 552 483 ib.
575 451 633 494 17,
652 451 686 494 6,
709 452 744 484 2.
770 449 1002 498 discipulorum
1022 448 1163 495 aquilam
1184 459 1313 483 auream
1335 448 1375 482 de
1400 450 1497 495 porta
1518 445 1633 493 templi
1655 444 1749 479 deri-

243 511 400 557 pientium
415 509 476 546 διὰ
491 510 531 548 τὸ
548 511 663 549 ἀΐδιον
683 515 765 550 τοῦ
786 516 1066 557 ἐπαινεῖςθαι
1084 513 1217 561 φήμη,-
1241 512 1288 546 ib.
1306 513 1362 555 18,
1382 515 1414 555 1,
1433 515 1466 545 1.
1496 509 1600 545 Iudae
1615 508 1748 544 Gaul&

243 574 332 608 uitae
348 573 447 623 τιμὴ
463 577 532 611 καὶ
554 579 673 622 κλέος
687 579 752 614 τοῦ
763 576 1015 627 μεγαλόφρονος
1020 591 1035 621 ,·
1053 576 1099 610 ib.
1108 577 1144 620 6,
1162 577 1220 619 14,
1233 577 1269 610 4.
1295 574 1391 610 Sauli
1402 578 1538 622 propter
1548 583 1745 620 generosam

247 637 452 673 devotionem
479 638 619 689 μνήμη
639 640 817 685 αἰώνιος
837 661 886 667 -—
905 638 1069 689 ἀγήρως
1096 637 1238 688 μνήμη
1257 660 1307 666 -
1329 638 1350 687 ἡ
1375 636 1463 685 μετὰ
1487 636 1549 674 τὸν
1578 634 1744 672 θάνατον

243 699 447 749 εὐφημίας
471 703 567 747 ih.4,
582 706 618 747 6,
634 705 668 738 5.
707 704 902 739 Iudaeorum
929 706 1052 747 κλέος
1079 701 1256 740 ἇιώνιον
1282 703 1394 749 quavis
1415 701 1486 735 fere
1504 701 1626 747 pagina
1650 699 1743 734 cele-

243 765 355 800 bratur
373 765 418 801 cf.
440 764 523 813 Sap.
547 768 581 811 8,
605 770 662 803 13.
694 768 766 813 Quo
791 768 880 803 facto
906 767 1095 811 Pharisaei,
1127 767 1321 815 praesertim
1347 777 1443 812 quum
1465 764 1583 799 suimet
1603 762 1742 798 invicem

243 830 438 864 amantiores
454 834 584 874 esseut,
610 835 644 865 et
658 832 835 866 communis
852 842 952 866 causa
963 831 1114 865 utilitatis
1130 830 1310 865 concordes
1325 830 1385 874 (B.
1396 828 1428 862 Ι.
1445 829 1481 871 2,
1495 829 1530 870 8,
1551 827 1633 872 14),
1658 826 1742 860 mira

244 891 331 938 apud
352 892 480 939 plebem
503 891 697 928 Iudaeorum
719 894 826 940 gratia
844 897 941 940 atque
961 894 1155 929 auctoritate
1173 893 1354 928 floruerunt
1360 916 1372 936 ,
1397 890 1433 926 id
1452 889 1540 937 quod
1562 889 1741 937 Iosepbum

242 956 353 999 multis
368 955 475 990 modis
488 959 639 990 testatum
652 957 796 991 videmus
812 969 842 991 v.
857 969 888 991 c.
896 957 991 992 Antt.
1010 959 1067 1000 13,
1083 958 1139 1000 10,
1153 958 1189 990 6.
1214 958 1281 992 τῶν
1292 957 1484 1005 φαρισαίων
1502 953 1550 990 τὸ
1565 953 1741 1000 πλῆθος

242 1016 389 1064 σύμμα
392 1031 441 1063 χο
450 1032 470 1054 ν
497 1016 645 1063 ἐχόντων.
669 1020 715 1054 ib.
733 1020 768 1054 5.
800 1018 975 1068 Τοςαύτην
992 1022 1107 1065 ἔχουσι
1129 1018 1190 1067 τὴν
1217 1018 1317 1065 ἰσχὺν
1336 1017 1432 1067 παρὰ
1459 1019 1508 1065 τῷ
1529 1018 1673 1065 πλήθει,
1696 1014 1741 1060 ὡς

243 1084 300 1117 καὶ
316 1080 402 1117 κατὰ
417 1084 578 1127 βασιλέως
593 1082 640 1128 (v-
656 1095 686 1117 c.
701 1083 747 1117 ib.
764 1085 821 1127 19,
834 1085 870 1127 7,
884 1084 939 1130 4.)
952 1085 1009 1119 καὶ
1022 1081 1110 1119 κατὰ
1122 1086 1294 1131 ἀρχιερέως
1309 1081 1418 1126 εὐθὺς
1438 1080 1739 1125 πιστεύεςθαι.

238 1166 288 1173 -—
309 1146 355 1180 ib.
384 1146 441 1189 15,
464 1146 499 1181 5.
524 1143 729 1189 δύναςθα
739 1160 753 1181 ι
785 1145 898 1182 πολὺ
930 1145 1025 1195 παρὰ
1053 1152 1126 1190 τοῖς
1154 1145 1342 1190 Ἰουδαίοις
1373 1147 1516 1190 τούτους
1543 1146 1673 1193 βλάψαι
1702 1157 1739 1182 τε

239 1210 431 1255 μισοῦντας
450 1211 507 1245 καὶ
525 1211 644 1258 φίλους
662 1211 892 1255 διακειμένους
911 1207 1089 1259 ὠφελῆσαι·
1110 1208 1259 1255 μάλιστα
1279 1222 1309 1254 y.
1327 1208 1550 1253 πιστεύεςθαι
1569 1207 1667 1256 παρὰ
1690 1208 1739 1254 τῷ

241 1270 370 1321 πλήθει
389 1275 465 1321 περὶ
486 1270 532 1309 ὦν
554 1271 598 1310 ἄν
613 1275 671 1309 καὶ
684 1275 898 1323 φθονοῦντές
918 1287 953 1310 τι
964 1271 1112 1319 χαλεπὸν
1129 1275 1272 1317 λέγωσιν.
1321 1273 1393 1318 Qua
1415 1272 1528 1308 eadem
1541 1272 1738 1308 auctoritate

242 1338 328 1383 apud
342 1338 469 1383 plebem
486 1340 521 1370 ut
537 1336 721 1382 potirentur
739 1337 946 1380 sacerdotes,
966 1336 1122 1382 quidquid
1136 1337 1313 1380 evenisset,
1337 1348 1403 1371 nou
1419 1336 1550 1380 mirum,
1575 1348 1616 1370 ea
1628 1339 1737 1370 mente

243 1400 278 1434 in
293 1412 385 1434 suum
399 1399 543 1434 colorem
556 1399 709 1434 traxisse.
1730 1433 1733 1435 ,

338 1462 456 1497 Tertio
469 1462 564 1504 loco,
588 1461 624 1495 id
636 1461 723 1507 quod
735 1462 786 1496 vel
798 1462 935 1497 maxime
954 1474 995 1496 ex
1015 1461 1147 1496 laudato
1163 1461 1296 1508 Iosephi
1315 1462 1499 1496 testimonio
1516 1465 1627 1508 aptum
1640 1464 1737 1506 atque

242 1525 440 1560 necessitate
452 1535 568 1559 nexum
583 1527 636 1558 est
648 1524 823 1559 notandum
836 1525 930 1569 illud,
946 1525 1346 1572 archipresbyteros,
1363 1525 1599 1568 Pontifices,
1619 1533 1737 1568 syne-

244 1589 333 1624 dros
352 1592 391 1624 et
404 1587 643 1623 Pharisaeos
657 1598 717 1634 pro
731 1588 841 1622 mutua
852 1587 998 1634 ipsorum
1007 1588 1261 1633 necessitudine,
1279 1600 1372 1635 quum
1384 1588 1490 1623 divino
1504 1588 1630 1635 pariter
1641 1590 1738 1633 atque

207 1677 209 1681 ⁴
241 1653 379 1688 humano
390 1652 453 1687 iuri
464 1652 582 1687 tuendo
594 1651 747 1689 destinati
759 1650 1001 1698 studiorumque
1009 1655 1106 1697 atque
1114 1653 1324 1687 consiliorum
1335 1652 1492 1687 societate
1499 1650 1645 1699 copulati
1653 1661 1738 1689 com?

242 1728 369 1751 munem
382 1716 509 1761 utrique
523 1726 653 1749 causam
668 1714 823 1749 baberent
837 1717 871 1748 et
886 1714 981 1749 alteri
995 1715 1109 1749 alteris
1121 1727 1237 1761 magno
1252 1715 1434 1749 adiumento
1450 1720 1575 1759 esseut,
1599 1726 1739 1750 conso·

244 1780 408 1820 ciantes
424 1779 660 1825 plerumque
679 1789 837 1825 operam
856 1781 896 1812 et
912 1778 1168 1813 coniunctim
1186 1783 1264 1814 tum
1282 1784 1450 1825 agentes
1469 1783 1548 1814 tum
1565 1777 1738 1825 patien-

248 1848 310 1878 tes
324 1843 365 1877 in
374 1842 479 1879 «luci.
504 1842 735 1888 Exemplorum
749 1841 844 1887 copia
857 1841 891 1874 in
905 1840 999 1875 libris
1009 1841 1157 1888 Iosepbi,
1174 1843 1322 1889 inprimis
1336 1843 1376 1877 de
1389 1842 1476 1876 bello
1489 1841 1642 1885 Iudaico,
1656 1840 1740 1875 etin

247 1905 365 1941 codice
379 1903 425 1940 N.
441 1904 487 1938 T.
503 1904 537 1938 in
550 1908 678 1950 promtu
693 1908 755 1939 est.
779 1904 849 1939 Ios.
862 1903 919 1938 vit.
935 1905 971 1938 2.
994 1902 1182 1941 συνιόντων
1195 1904 1247 1941 ἀεὶ
1260 1907 1327 1941 τῶν
1348 1904 1578 1954 ἀρχιερέων
1598 1906 1655 1941 καὶ
1672 1904 1741 1945 τῶν

251 1970 322 2017 τῆς
340 1967 500 2011 πόλεως
518 1965 692 2015 πρώτων
707 1966 793 2016 ὑπὲρ
812 1967 878 2003 τοῦ
895 1964 981 2015 παρ’
998 1969 1085 2014 ἐμοῦ
1099 1970 1177 2017 περὶ
1194 1970 1261 2005 τῶν
1278 1970 1431 2015 νομίμων
1445 1965 1687 2018 ἀκριβέστερόν
1706 1982 1742 2005 τι

248 2034 377 2081 γνῶναι.
396 2032 443 2068 ib.
457 2033 491 2066 5.
515 2029 708 2073 ὑπεξελθὼν
725 2031 788 2068 τοῦ
809 2031 904 2080 ἱεροῦ
921 2029 1025 2068 πάλιν
1045 2038 1140 2077 τοῖς
1158 2031 1405 2082 ἀρχιερεῦσι
1425 2035 1485 2070 καὶ
1506 2039 1603 2078 τοῖς
1623 2030 1742 2083 πρώ-

243 2110 335 2142 τοις
359 2096 438 2133 τῶν
467 2095 702 2144 φαρισαίων
723 2096 962 2143 συνδιέτριβον.
985 2095 1079 2131 Antt.
1098 2097 1155 2140 20,
1171 2098 1206 2140 6,
1224 2100 1256 2132 l.
1284 2098 1328 2134 Οἱ
1351 2098 1481 2147 πρῶτοι
1501 2096 1590 2137 κατὰ
1611 2096 1740 2146 τιμὴν
