1947 2424
955 118 1017 160 u

230 219 315 255 tisis<
327 218 532 266 potissimum
555 218 673 254 studiis
690 222 787 265 atque
806 218 931 254 artibus
945 218 1172 267 conspicuam,
1197 219 1312 266 quibus
1332 218 1465 253 deditos
1484 218 1591 255 fuisse
1611 218 1733 255 nm·-

229 294 327 319 saeos
337 287 478 319 constat.
527 283 621 319 Antt.
635 285 672 328 4,
687 284 722 328 6,
739 284 795 318 10.
820 280 883 332 τὴν
897 280 1081 333 ἀνδρίαν
1102 282 1166 321 οὐκ
1184 286 1221 321 ἐν
1236 284 1285 332 τῷ
1299 282 1479 329 βιάζεςθαι
1498 282 1584 329 τοὺς
1600 283 1732 332 νόμους

202 341 204 343 ’
229 345 303 383 ἀλλ’
319 350 357 384 ἐν
368 350 415 395 τῷ
428 345 476 396 μὴ
495 350 595 383 εἴκειν
612 353 687 391 ταῖς
703 347 905 394 ἐπιθυμίαις
924 348 1017 384 εἶναι.
1040 347 1138 383 Philo
1155 349 1190 393 2,
1205 349 1289 384 376.
1314 344 1416 384 οὗτοι
1433 346 1496 396 τὴν
1509 346 1630 398 ἀληθῆ
1642 350 1725 386 δια-

231 412 398 458 πονοῦσιν
409 409 573 460 ἀνδρείαν
585 409 759 460 ἀςκηταὶ
772 414 895 462 σοφίας
908 410 1009 457 ὄντες.
1029 411 1075 446 cs.
1086 413 1122 456 2,
1135 412 1218 456 378,
1232 413 1290 446 20.
1307 413 1342 456 2,
1357 413 1441 456 379,
1460 415 1517 447 11.
1530 432 1581 439 —
1593 415 1679 457 611,
1693 414 1729 448 8.

231 474 250 511 ὁ
263 474 491 523 ἄςκητικὸς
504 477 576 512 καὶ
591 474 802 524 ἀνδρεῖος,
824 487 888 522 qua
901 475 1016 510 eadem
1029 475 1070 510 de
1084 486 1184 509 causa
1197 475 1351 520 contigua
1363 476 1485 522 templo
1503 481 1538 511 et
1552 477 1730 523 synagogis

228 539 395 575 conclavia
407 538 657 574 Pharisaeorum
680 538 720 574 de
741 539 903 587 scriptura
929 550 1024 574 sacra
1046 538 1288 585 quaestionibus
1311 542 1345 573 et
1366 537 1642 586 <lisputationibus
1666 534 1728 576 de-

228 604 350 639 stinata
369 601 582 652 ἀνδρῶνες
602 603 767 650 appellata
783 603 878 638 Antt.
900 604 957 647 16,
977 604 1012 647 6,
1028 604 1064 638 2.
1094 603 1140 638 ef.
1161 602 1351 649 Nachtigall
1373 603 1409 637 in
1428 602 1612 641 Eichhorn.
1633 605 1725 640 Bibl-

227 666 308 702 Vol.
321 665 384 702 lv.
396 679 432 714 p.
446 668 528 702 386.
544 669 626 703 396.
640 671 675 702 et
694 671 811 702 coetus
828 666 901 714 ipse
915 665 1166 702 Pharisaeorum
1186 664 1236 702 ἀν
1245 667 1448 711 δρωνῖτις
1460 666 1548 702 Phil.
1562 669 1645 713 365,
1661 671 1724 704 41.

226 729 343 776 Itaque
361 730 416 765 hio
431 734 544 766 noster
563 731 657 765 locus
672 731 851 765 consimilis
866 735 919 766 est
939 730 1036 766 dictis
1055 730 1100 764 B.
1113 729 1145 764 Ι.
1159 732 1195 774 4,
1211 732 1246 773 3,
1264 731 1320 764 10.
1343 728 1421 772 τὴν
1441 744 1469 766 τ.
1484 730 1723 779 μητροπόλεως

227 792 446 841 εὐγένειαν
459 796 515 831 καὶ
528 798 795 845 πεφονευμένους
808 793 938 843 ἄνδρας
951 805 1003 840 sq.
1016 814 1052 819 —
1064 793 1161 828 Alter
1172 792 1266 828 locus
1280 793 1392 840 priore
1406 793 1603 840 intricatior,
1624 808 1720 843 quen

226 858 364 903 probata
386 858 467 892 alias
489 858 667 893 Schraderi
688 858 849 903 sagacitas
874 858 910 891 in
934 856 1147 901 chronologia
1161 855 1258 889 Pauli
1277 856 1420 901 apostoli
1439 869 1474 902 p.
1492 859 1548 891 12.
1563 859 1720 904 expedire

227 932 263 955 se
280 932 347 956 non
361 921 510 968 potuisse
521 921 654 965 fatetur,
675 925 727 955 est
739 920 780 955 de
793 920 931 964 Anano,
950 918 1059 954 Auani
1072 918 1141 954 filio
1156 919 1245 963 eius,
1266 918 1518 955 fortunatissimi
1528 919 1718 967 Pontificis,

225 985 317 1017 cuius
333 985 472 1029 quinque
492 984 570 1026 filii,
593 985 628 1017 in
642 984 755 1028 quibus
768 983 902 1016 Ananus
917 994 978 1028 per
998 987 1065 1016 tres
1080 994 1227 1024 meuses,
1251 993 1407 1015 successu
1426 984 1583 1028 temporis
1596 984 1716 1018 Ponti-

225 1046 302 1083 ficio
323 1058 454 1083 munere
476 1047 580 1083 functi
602 1050 677 1082 sunt
694 1046 789 1082 Antt.
807 1047 865 1091 20,
882 1048 917 1091 9,
935 1048 966 1082 1.
981 1049 1015 1081 et
1029 1044 1118 1090 Iesu,
1140 1044 1300 1082 Gamalae
1321 1043 1408 1090 filio,
1440 1057 1535 1093 quem
1553 1046 1619 1083 iam
1641 1053 1716 1085 aute

226 1111 305 1145 belli
318 1112 445 1145 initium
460 1123 522 1157 quo
545 1115 691 1157 tempore
702 1110 843 1155 Iosepbo
859 1109 1011 1144 Galilaea
1023 1110 1189 1156 provincia
1203 1110 1366 1154 obtigerat
1380 1110 1469 1143 circa
1483 1121 1601 1145 annum
1618 1123 1655 1158 p.
1672 1113 1713 1147 C.

224 1187 258 1209 n.
273 1176 332 1209 64.
347 1173 489 1220 synedrii
504 1174 724 1208 assessoribus
738 1172 939 1207 adnumerari
951 1172 1107 1207 videmus.
1135 1172 1194 1207 vit.
1209 1173 1253 1207 41
1270 1172 1318 1206 in.
1342 1172 1449 1207 Ambo
1463 1172 1521 1208 isti
1532 1175 1716 1211 vocitantur

225 1249 292 1272 non
312 1238 417 1272 solum
437 1235 597 1285 ἀρχιερεῖς
612 1238 668 1271 vit.
680 1239 738 1271 38.
753 1236 796 1269 Β.
810 1235 842 1269 Ι.
856 1237 892 1279 4,
909 1236 942 1279 5,
959 1237 993 1270 2.
1019 1236 1078 1270 sed
1099 1231 1196 1271 etiam
1218 1238 1254 1271 οἱ
1272 1235 1503 1281 δοκιμώτατοι
1518 1238 1585 1272 τῶν
1599 1237 1714 1287 ἀρχιε-

224 1303 308 1351 ρέων
330 1300 407 1348 quid
427 1300 514 1347 quod
533 1302 569 1336 οἱ
585 1300 648 1337 τοῦ
668 1297 779 1348 δήμου
798 1299 1007 1347 προεστῶτες
1034 1300 1081 1335 ib.
1096 1302 1131 1344 4,
1149 1302 1184 1344 3,
1204 1300 1260 1333 13.
1280 1300 1316 1343 4,
1334 1301 1369 1334 3.
1395 1300 1583 1336 nominatim
1604 1306 1713 1338 autem

224 1366 271 1400 ib.
285 1367 321 1409 4,
337 1367 371 1409 3,
386 1367 421 1399 9.
452 1365 586 1399 Ananus
609 1363 629 1399 ὁ
646 1365 839 1412 γεραίτατος
858 1364 925 1399 τῶν
944 1361 1121 1412 ἀρχιερέων
1143 1363 1188 1397 ib.
1204 1365 1239 1407 4,
1255 1365 1290 1407 3,
1307 1365 1342 1398 7.
1364 1368 1397 1398 et
1417 1363 1512 1398 Iesus
1533 1365 1574 1400 ab
1592 1366 1710 1402 Anano

225 1429 405 1473 secundus,
431 1427 450 1464 ὁ
468 1427 556 1475 μετὰ
565 1426 708 1464 Ἀνανον
735 1429 930 1475 γεραίτατος
955 1428 1023 1464 τῶν
1047 1426 1220 1476 ἀρχιερέων
1248 1427 1294 1461 ib.
1315 1428 1351 1471 4,
1371 1429 1406 1471 4,
1427 1429 1483 1469 3,-;
1516 1429 1611 1464 ambo
1632 1430 1712 1465 item

225 1493 378 1540 populum
391 1497 505 1527 contra
513 1493 690 1526 zelotarum
704 1491 860 1525 nefariam
874 1503 914 1526 ac
926 1479 1122 1536 tyrannicam
1136 1490 1384 1525 dominationem
1391 1490 1498 1525 verbis
1511 1492 1713 1537 gravissimis

226 1556 369 1590 concitat
382 1559 476 1601 atque
489 1554 676 1597 inflammat,
692 1554 866 1588 etAnanus
880 1554 1009 1600 quidem
1023 1554 1109 1589 stola
1123 1557 1255 1588 ornatus
1261 1552 1437 1588 Pontificius
1450 1553 1515 1599 (ib.
1528 1556 1565 1599 4,
1581 1558 1616 1590 3.
1637 1558 1713 1603 10.)

225 1620 449 1669 περικείμενος
460 1617 534 1667 τὴν
554 1615 852 1667 ἀρχιερατικὴν
872 1618 1054 1665 ἐςθῆτα,
1068 1615 1163 1651 Iesus
1176 1619 1283 1651 autem
1296 1616 1335 1651 de
1351 1617 1433 1651 turri
1446 1618 1617 1654 moenibus
1627 1618 1712 1655 Hie—

226 1684 458 1729 rosolymorum
472 1682 625 1729 imposita
641 1682 676 1716 iu
692 1681 856 1715 obversam
869 1679 1095 1715 Idumaeorum
1109 1691 1262 1714 coronam
1276 1680 1410 1715 detonat
1423 1680 1488 1726 (ib.
1503 1684 1540 1725 4,
1556 1684 1610 1729 3.)
1626 1684 1710 1719 unde

227 1748 383 1794 colligere
396 1758 496 1795 posse
510 1744 712 1782 Sebraderus
727 1743 790 1779 sibi
804 1743 888 1778 visus
904 1748 967 1788 est,
990 1743 1020 1778 si
1038 1756 1105 1778 non
1117 1743 1277 1787 Amanum,
1298 1743 1413 1779 saltem
1424 1743 1536 1780 Iesum
1551 1745 1711 1783 Gis-alae

225 1817 293 1847 tum
304 1812 461 1857 temporis
474 1811 509 1844 in
521 1809 715 1844 Pontificiae
729 1807 892 1853 dignitatis
905 1807 1038 1853 fastigio
1052 1807 1247 1841 collocatum
1259 1807 1375 1842 fuisse.
1409 1808 1534 1843 Vera·
1547 1811 1710 1846 enimvero

227 1865 410 1923 speciosior
422 1874 488 1909 ista
498 1873 685 1908 coniectura
699 1883 791 1918 quam
803 1871 909 1905 verior
923 1874 986 1905 est.
1034 1869 1161 1905 Neuter
1173 1881 1283 1905 eorum
1296 1871 1381 1905 enim
1396 1871 1448 1907 vel
1462 1883 1483 1907 a
1494 1879 1710 1919 procuratore

227 1939 375 1974 Romano
395 1937 446 1972 vel
465 1937 505 1970 ab
523 1936 656 1971 Herode
675 1935 821 1981 Agrippa
831 1933 880 1968 Π.
902 1933 1130 1976 Chalcidensi,
1158 1934 1211 1968 cui
1226 1933 1382 1969 Claudius
1398 1934 1524 1970 Caesar
1544 1938 1660 1984 templi
1677 1943 1714 1974 et

229 2014 392 2039 sacrorum
412 2011 520 2036 euram
540 1998 783 2034 demandaverat
795 1997 905 2043 (Antt.
919 1998 978 2041 20,
993 1999 1028 2040 9,
1044 1997 1099 2042 7.)
1112 1997 1164 2031 vel
1184 1997 1223 2031 ab
1244 1997 1327 2045 ipsis
1339 1996 1474 2033 Iudaeis
1488 1998 1646 2036 Pontifex
1659 2001 1712 2038 M.

230 2068 353 2103 electus
371 2065 424 2100 vel
435 2076 457 2098 a
465 2062 608 2110 Iosepho
623 2063 782 2109 scriptore
793 2061 858 2095 boc
872 2061 1001 2101 nomine
1013 2065 1216 2107 nuncupatus
1235 2060 1309 2095 fuit.
1330 2060 1414 2096 -Imo
1429 2073 1510 2098 vero
1522 2075 1584 2098 sua
1595 2070 1714 2113 sponte

227 2141 351 2179 suoque
371 2129 478 2165 Marte
499 2126 623 2176 patriae
646 2125 779 2160 caritate
799 2124 887 2159 ducti
909 2128 942 2159 et
967 2123 1100 2171 pietatis
1122 2123 1264 2159 stimulis
1288 2124 1594 2173 instigatiAnuus
1615 2133 1710 2177 atque
1786 2123 1791 2127 ’

1277 2189 1354 2224 Β2
