1947 2424
757 102 1215 155 *ἦ*

233 213 411 246 cesserunt
433 208 514 254 „In
537 209 751 244 Honorem
776 207 1063 255 societatis,“
1090 211 1221 246 nomina
1247 211 1392 258 ipsorum
1419 215 1526 245 autem
1548 210 1730 246 intercide·

237 277 325 309 runt.
352 272 407 309 Ita
418 273 504 309 enim
514 272 674 320 Iosephus
686 272 744 307 vit.
760 272 805 308 53
818 273 860 309 de
872 279 1009 321 quatuor
1019 275 1093 310 istis
1108 286 1128 309 e
1140 275 1247 310 medio
1259 274 1509 310 Pharisaeorum
1522 274 1730 311 insidiatori-

237 338 298 372 hus
313 338 507 386 μακαρίζειν
526 339 638 381 ἔλεγον
657 336 762 380 οὕτως
780 339 855 385 περὶ
876 336 937 386 τὴν
949 339 1137 374 Γαλιλαίαν
1154 336 1430 387 ἀναστραφέντα,
1452 337 1674 388 σωήὐοσθαί
1688 352 1727 375 τε

238 400 297 437 διὰ
321 402 419 449 τιμῆς
437 399 608 446 ἀγομένῳ·-
641 397 803 445 κόςμον
820 413 848 445 y.
866 403 1025 438 ἑαυτῶν
1044 403 1156 437 εἶναι
1178 401 1251 450 τὴν
1271 401 1375 452 ἐμὴν
1395 401 1527 445 δόξαν
1544 405 1724 452 ἔφασαν,

237 464 282 510 ὡς
292 462 337 513 ἂν
350 461 563 508 διδαςκάλων
574 477 603 499 τ.
618 464 702 510 ἐμοῦ
720 467 903 511 γενομένων
916 468 971 502 καὶ
985 466 1137 503 πολιτῶν.
1155 465 1197 501 de
1209 466 1324 502 Wette
1346 468 1519 512 γον-13399.
1533 467 1587 502 ab.
1602 469 1633 502 d.
1647 468 1722 503 Ποῖ.

230 529 352 564 'Berlin
367 529 471 563 1827.
485 540 519 574 p.
535 529 622 562 301:
652 528 753 569 „Allo
766 529 1025 572 Besonderheiss
1053 530 1121 564 ulle
1135 531 1353 573 porsonliche
1368 531 1630 575 Auszeiohnunq
1643 541 1722 564 war

236 594 313 627 dem
325 592 466 627 Ganzen
480 592 775 635 unteryeordnetf‘

294 673 298 676 >
331 654 406 689 Huc
419 654 603 701 pertinebat
621 654 734 688 etiam
752 655 813 688 vel
831 655 987 689 maxime
1006 655 1258 689 iuramentum
1269 654 1531 700 Pharisaeorum,
1543 656 1715 690 consimile

235 717 317 754 illud
332 717 418 753 haud
432 717 526 753 dubie
538 717 716 752 iuramento
730 716 929 752 Essaeorum
941 718 984 752 B.
995 716 1026 753 I.
1042 719 1075 762 2,
1090 719 1125 762 8,
1139 719 1173 753 7.
1189 719 1225 753 8.
1273 718 1336 763 Qui
1354 719 1447 754 locus
1466 732 1560 766 quum
1575 719 1716 766 amplio-

234 794 322 826 rem,
346 793 438 828 quam
460 793 520 827 pro
541 782 819 816 commentationis
840 780 1043 815 academicae
1059 781 1218 827 angustiis
1232 781 1481 828 disputationem
1495 783 1656 828 requirat,
1679 782 1715 816 iu

234 858 298 882 nno
314 843 580 892 acquiescendum
593 848 671 891 puto
685 844 818 893 Iosephi
833 843 1018 879 testimonio
1032 855 1062 878 c.
1072 843 1138 890 Ap.
1148 845 1181 888 2,
1192 845 1253 878 27:
1277 845 1449 892 Κρύπτειν
1462 844 1565 882 οὐδὲν
1578 846 1618 891 ἐᾷ
1632 843 1718 893 πρὸς

234 910 368 960 φίλους·
391 906 433 944 οὐ
453 922 481 954 y.
504 908 589 943 εἶναι
607 908 719 956 φιλίαν
736 905 797 956 τὴν
817 906 865 956 μὴ
883 906 997 943 πάντα
1016 905 1252 943 πιστεύουσαν.
1298 910 1371 944 Καὶ
1392 907 1453 945 ἐὰν
1473 910 1586 957 συμβῇ
1604 910 1646 944 δέ
1662 921 1716 952 τις

233 977 360 1023 ἔχθρα,
380 971 510 1009 τούτων
524 969 696 1021 ἀπόῤῥητα
711 974 813 1017 λέγειν
827 969 990 1006 κεκώλυκε.

326 1037 504 1071 Praeterea
525 1035 567 1069 ad
588 1035 834 1070 confirmandam
859 1034 1050 1069 sententiam
1071 1038 1214 1069 nostram
1233 1035 1313 1070 facit
1339 1040 1378 1070 et
1402 1036 1555 1082 agendi
1575 1039 1615 1071 et
1635 1047 1712 1083 pa·

233 1100 366 1137 tiendi
385 1111 431 1134 co
440 1099 653 1133 mmunitas
673 1100 707 1133 in
722 1099 817 1133 rebus
831 1097 1079 1132 Pharisaeorum
1093 1099 1278 1144 conspicua.
1314 1100 1503 1134 Postulatus
1516 1100 1551 1134 in
1563 1099 1709 1134 convivio

232 1177 253 1200 a
266 1163 474 1206 Pharisaeis,
497 1166 533 1197 ut
550 1161 747 1196 Pontificatu
767 1173 803 1196 se
827 1161 1006 1204 abdicaret,
1032 1162 1071 1195 ab
1095 1162 1200 1208 iisque
1218 1163 1357 1209 rogatis,
1382 1167 1419 1197 ut
1435 1174 1497 1209 qua
1514 1163 1621 1209 poena
1637 1162 1711 1208 ipse

234 1229 350 1274 dignus
378 1225 541 1260 videretur
566 1228 783 1272 exponerent,
813 1224 998 1258 verberibus
1019 1225 1070 1259 vel
1091 1225 1226 1259 vinculis
1251 1226 1364 1272 dignus
1385 1226 1546 1261 iudicatus
1568 1224 1711 1259 Ioannes

232 1292 420 1337 Hyrcanas,
444 1301 503 1324 rex
515 1289 663 1334 idemque
676 1287 829 1322 Pontifex
842 1286 891 1321 M.
906 1286 1097 1321 Iudaeam
1111 1288 1316 1333 (135-107
1332 1301 1362 1323 a.
1380 1288 1420 1324 C.
1435 1290 1488 1335 n.)
1502 1300 1596 1335 quum
1608 1287 1709 1323 intel-

231 1354 381 1397 lexisset,
394 1352 457 1386 hoc
471 1352 511 1386 de
526 1362 561 1385 se
573 1350 725 1384 iudicium
739 1349 897 1384 communi
910 1350 1048 1384 omnium
1060 1349 1305 1385 Pharisaeorum
1319 1352 1479 1385 sententia
1492 1352 1531 1385 ah
1545 1350 1707 1385 Eleazaro

230 1416 491 1465 pronuntiatum,
522 1425 587 1448 non
606 1412 702 1446 modo
723 1413 757 1446 in
777 1416 884 1446 castra
904 1411 1165 1447 Sadducaeorum
1188 1417 1408 1460 transgressus
1434 1419 1502 1458 est,
1531 1413 1709 1448 sedetiam

233 1480 340 1516 edicto
353 1477 482 1526 publice
494 1476 663 1524 proposito
679 1480 711 1511 et
726 1487 852 1523 poenae
868 1475 1034 1510 sanctione
1048 1481 1174 1511 sacrato
1183 1501 1195 1521 ,
1221 1477 1446 1513 traditionibus
1460 1477 1710 1512 Pharisaeorum

224 1543 420 1588 obsequium
437 1540 598 1587 praestari
614 1540 715 1574 vetuit
730 1539 899 1581 Anteia,
917 1540 972 1581 ln,
989 1539 1023 1572 5.
1038 1541 1073 1573 6.
1093 1539 1253 1574 Iannaeus
1265 1540 1468 1584 Alexander,
1492 1541 1545 1575 Io.
1566 1540 1709 1585 Hyrcani

223 1606 267 1641 in
281 1616 381 1651 regno
403 1607 436 1639 et
453 1602 649 1638 Pontificatu
663 1613 835 1636 successor
849 1601 866 1647 (
871 1602 1046 1637 105—79
1060 1613 1091 1637 a.
1107 1601 1147 1637 G.
1161 1602 1213 1648 n.)
1234 1603 1339 1649 palam
1359 1604 1435 1638 olim
1453 1604 1488 1639 in
1509 1604 1583 1651 ipsa
1595 1603 1707 1650 templi

223 1671 330 1711 area,
357 1668 430 1701 dnm
448 1668 482 1701 in
492 1666 587 1700 festis
602 1665 876 1708 tabernaculorum
889 1665 1000 1699 diebus
1023 1666 1124 1700 sacris
1139 1671 1326 1711 operaretur
1337 1667 1430 1700 malis
1449 1667 1561 1701 citreis
1574 1666 1705 1712 impeti-

232 1736 306 1776 tus,
324 1735 391 1766 tum
405 1733 521 1764 exorto
531 1729 618 1763 bello
632 1728 717 1763 civili
732 1727 889 1774 supplicio
904 1727 1018 1776 dignus
1035 1728 1195 1763 iudicatus
1209 1732 1243 1762 et
1260 1729 1293 1763 in
1310 1733 1484 1764 extremm
1496 1730 1580 1764 vitae
1593 1729 1705 1775 regni-

237 1807 299 1842 que
322 1794 496 1828 discrimen
518 1792 693 1835 adductus,
728 1791 928 1836 octingentos
947 1790 1195 1825 Pharisaeorum
1219 1792 1254 1825 in
1273 1796 1451 1838 conspeetu
1467 1793 1617 1839 pellicum
1637 1804 1709 1827 cui

232 1859 307 1905 ipso
321 1857 356 1891 in
370 1856 503 1890 aedibus
517 1855 618 1901 regiis
632 1854 826 1900 epulantium
838 1854 872 1888 in
887 1865 1015 1888 crucem
1027 1854 1100 1888 tolli
1112 1854 1220 1889 iussit.
1232 1854 1327 1888 Antt.
1339 1857 1393 1898 13,
1406 1857 1461 1898 13,
1473 1857 1507 1889 5.
1519 1858 1575 1899 14,
1583 1855 1707 1891 2.B.1.

236 1924 269 1967 l,
288 1922 323 1965 4,
335 1921 372 1965 4,
382 1920 421 1954 6.
468 1916 537 1954 Sub
555 1916 760 1953 Alexandrae
780 1921 902 1962 autem,
930 1916 1045 1952 viduae
1065 1917 1156 1962 eius,
1181 1918 1333 1966 auspiciis
1356 1917 1575 1964 (78--69-2.
1591 1918 1633 1955 C.
1652 1920 1707 1967 n.)

234 1986 356 2021 summa
374 1994 480 2018 rerum
499 1982 597 2028 potiti
610 1981 779 2015 Pharisaei
794 1981 952 2015 restitutis
970 1981 1005 2015 in
1023 1981 1183 2026 integrm
1201 1981 1344 2027 ipsorum
1357 1982 1600 2026 traditionibus,
1621 1982 1705 2018 dcc

236 2048 417 2085 saevierunt
428 2045 464 2081 in
475 2044 649 2081 factionem
663 2043 914 2080 adversariorum
921 2069 933 2089 ‚
957 2048 994 2080 ut
1004 2045 1118 2080 coorta
1129 2055 1297 2092 procerum
1308 2045 1422 2093 populi
1434 2044 1606 2091 seditione,
1622 2046 1707 2083 Ari·

224 2112 362 2149 stabulo
377 2111 459 2146 duce
472 2109 601 2145 taudem
612 2109 747 2155 imperio
762 2113 966 2144 exuerentur.
984 2108 1078 2143 Antt.
1095 2109 1151 2152 13,
1167 2109 1225 2152 16,
1239 2109 1274 2143 2.
1294 2108 1342 2143 B.
1352 2107 1384 2143 1.
1400 2112 1432 2152 1,
1448 2109 1484 2153 5,
1496 2110 1531 2144 2.
1554 2109 1705 2158 Denique
