<?xml version="1.0" encoding="UTF-8"?>
<!DOCTYPE html PUBLIC "-//W3C//DTD XHTML 1.0 Transitional//EN"
    "http://www.w3.org/TR/xhtml1/DTD/xhtml1-transitional.dtd">
<html xmlns="http://www.w3.org/1999/xhtml" xml:lang="en" lang="en">
 <head>
  <title>
</title>
<meta http-equiv="Content-Type" content="text/html;charset=utf-8" />
  <meta name='ocr-system' content='tesseract 3.04.00' />
  <meta name='ocr-capabilities' content='ocr_page ocr_carea ocr_par ocr_line ocrx_word'/>
</head>
<body>
  <div class='ocr_page' id='page_1' title='image "4627238_0027.png"; bbox 0 0 1947 2424; ppageno 0'>
   <div class='ocr_carea' id='block_1_1' title="bbox 0 0 147 81">
    <p class='ocr_par' dir='ltr' id='par_1_1' title="bbox 0 0 147 81">
     <span class='ocr_line' id='line_1_1' title="bbox 0 0 147 81; baseline 0 2343"><span class='ocrx_word' id='word_1_1' title='bbox 0 0 147 81; x_wconf 95' lang='lat' dir='ltr'><strong> </strong></span> 
     </span>
    </p>
   </div>
   <div class='ocr_carea' id='block_1_2' title="bbox 248 206 1752 414">
    <p class='ocr_par' dir='ltr' id='par_1_2' title="bbox 248 206 1752 414">
     <span class='ocr_line' id='line_1_2' title="bbox 248 206 1751 279; baseline -0.001 -14"><span class='ocrx_word' id='word_1_2' title='bbox 248 232 343 274; x_wconf 85' lang='lat' dir='ltr'><strong>rent,</strong></span> <span class='ocrx_word' id='word_1_3' title='bbox 375 229 581 277; x_wconf 78' lang='lat' dir='ltr'><strong>adigerentur</strong></span> <span class='ocrx_word' id='word_1_4' title='bbox 601 231 713 278; x_wconf 85' lang='lat' dir='ltr'><strong>(Antt.</strong></span> <span class='ocrx_word' id='word_1_5' title='bbox 736 232 792 276; x_wconf 84' lang='lat'><strong>13,</strong></span> <span class='ocrx_word' id='word_1_6' title='bbox 818 233 854 275; x_wconf 86' lang='lat'><strong>9,</strong></span> <span class='ocrx_word' id='word_1_7' title='bbox 876 234 909 266; x_wconf 92' lang='lat' dir='ltr'><strong>l.</strong></span> <span class='ocrx_word' id='word_1_8' title='bbox 935 234 990 276; x_wconf 95' lang='grc'><strong>11,</strong></span> <span class='ocrx_word' id='word_1_9' title='bbox 1015 232 1069 278; x_wconf 89' lang='lat'><strong>3).</strong></span> <span class='ocrx_word' id='word_1_10' title='bbox 1121 230 1179 267; x_wconf 85' lang='lat' dir='ltr'><strong>Ius</strong></span> <span class='ocrx_word' id='word_1_11' title='bbox 1204 228 1406 279; x_wconf 85' lang='lat' dir='ltr'><strong>portenta</strong></span> <span class='ocrx_word' id='word_1_12' title='bbox 1433 206 1751 278; x_wconf 77' lang='lat' dir='ltr'><strong>interpretandi</strong></span> 
     </span>
     <span class='ocr_line' id='line_1_3' title="bbox 251 293 1752 342; baseline 0.001 -14"><span class='ocrx_word' id='word_1_13' title='bbox 251 293 447 341; x_wconf 84' lang='lat' dir='ltr'><strong>competisse</strong></span> <span class='ocrx_word' id='word_1_14' title='bbox 460 294 648 331; x_wconf 86' lang='lat' dir='ltr'><strong>Pharisaeis</strong></span> <span class='ocrx_word' id='word_1_15' title='bbox 670 300 736 331; x_wconf 88' lang='lat' dir='ltr'><strong>tum</strong></span> <span class='ocrx_word' id='word_1_16' title='bbox 752 295 965 342; x_wconf 81' lang='lat' dir='ltr'><strong>probabiliter</strong></span> <span class='ocrx_word' id='word_1_17' title='bbox 979 296 1153 331; x_wconf 89' lang='lat' dir='ltr'><strong>coniicitur</strong></span> <span class='ocrx_word' id='word_1_18' title='bbox 1165 308 1207 331; x_wconf 85' lang='lat' dir='ltr'><strong>ex</strong></span> <span class='ocrx_word' id='word_1_19' title='bbox 1218 297 1295 331; x_wconf 93' lang='lat' dir='ltr'><strong>loco</strong></span> <span class='ocrx_word' id='word_1_20' title='bbox 1308 295 1409 331; x_wconf 87' lang='lat' dir='ltr'><strong>Mtth.</strong></span> <span class='ocrx_word' id='word_1_21' title='bbox 1427 297 1484 339; x_wconf 88' lang='grc'><strong>16,</strong></span> <span class='ocrx_word' id='word_1_22' title='bbox 1505 296 1598 329; x_wconf 88' lang='grc'><strong>1-3</strong></span> <span class='ocrx_word' id='word_1_23' title='bbox 1613 294 1700 329; x_wconf 82' lang='lat' dir='ltr'><strong>unde</strong></span> <span class='ocrx_word' id='word_1_24' title='bbox 1717 298 1752 329; x_wconf 87' lang='lat' dir='ltr'><strong>et</strong></span> 
     </span>
     <span class='ocr_line' id='line_1_4' title="bbox 250 357 1750 414; baseline 0 -22"><span class='ocrx_word' id='word_1_25' title='bbox 250 362 380 393; x_wconf 85' lang='lat' dir='ltr'><strong>ostenta</strong></span> <span class='ocrx_word' id='word_1_26' title='bbox 400 357 525 414; x_wconf 67' lang='lat' dir='ltr'><strong>visendi</strong></span> <span class='ocrx_word' id='word_1_27' title='bbox 543 359 680 406; x_wconf 88' lang='lat' dir='ltr'><strong>cupidos</strong></span> <span class='ocrx_word' id='word_1_28' title='bbox 703 364 737 395; x_wconf 88' lang='lat' dir='ltr'><strong>et</strong></span> <span class='ocrx_word' id='word_1_29' title='bbox 756 358 1011 405; x_wconf 87' lang='lat' dir='ltr'><strong>meteorologiae</strong></span> <span class='ocrx_word' id='word_1_30' title='bbox 1034 360 1143 395; x_wconf 87' lang='lat' dir='ltr'><strong>studio</strong></span> <span class='ocrx_word' id='word_1_31' title='bbox 1164 359 1293 395; x_wconf 86' lang='lat' dir='ltr'><strong>deditos</strong></span> <span class='ocrx_word' id='word_1_32' title='bbox 1314 359 1418 395; x_wconf 85' lang='lat' dir='ltr'><strong>fuisse</strong></span> <span class='ocrx_word' id='word_1_33' title='bbox 1434 358 1591 394; x_wconf 78' lang='lat' dir='ltr'>discimus</span> <span class='ocrx_word' id='word_1_34' title='bbox 1606 357 1711 404; x_wconf 88' lang='grc'><strong>(371,</strong></span> <span class='ocrx_word' id='word_1_35' title='bbox 1726 359 1750 392; x_wconf 87' lang='grc'><strong>6</strong></span> 
     </span>
    </p>
   </div>
   <div class='ocr_carea' id='block_1_3' title="bbox 766 151 911 159">
    <p class='ocr_par' dir='ltr' id='par_1_3' title="bbox 766 151 911 159">
     <span class='ocr_line' id='line_1_5' title="bbox 766 151 911 159; baseline 0 0"><span class='ocrx_word' id='word_1_36' title='bbox 766 151 911 159; x_wconf 95' lang='lat' dir='ltr'><strong> </strong></span> 
     </span>
    </p>
   </div>
   <div class='ocr_carea' id='block_1_4' title="bbox 1076 151 1220 160">
    <p class='ocr_par' dir='ltr' id='par_1_4' title="bbox 1076 151 1220 160">
     <span class='ocr_line' id='line_1_6' title="bbox 1076 151 1220 160; baseline 0 0"><span class='ocrx_word' id='word_1_37' title='bbox 1076 151 1220 160; x_wconf 95' lang='lat' dir='ltr'><strong> </strong></span> 
     </span>
    </p>
   </div>
   <div class='ocr_carea' id='block_1_5' title="bbox 242 420 1750 2188">
    <p class='ocr_par' dir='ltr' id='par_1_5' title="bbox 242 420 1750 2057">
     <span class='ocr_line' id='line_1_7' title="bbox 249 420 1750 472; baseline -0.001 -14"><span class='ocrx_word' id='word_1_38' title='bbox 249 420 363 458; x_wconf 81' lang='grc' dir='ltr'><em>πάντα</em></span> <span class='ocrx_word' id='word_1_39' title='bbox 381 423 491 458; x_wconf 80' lang='grc' dir='ltr'><strong><em>ταῦτα</em></strong></span> <span class='ocrx_word' id='word_1_40' title='bbox 505 421 524 458; x_wconf 87' lang='grc' dir='ltr'><strong>ὁ</strong></span> <span class='ocrx_word' id='word_1_41' title='bbox 535 443 585 449; x_wconf 88' lang='grc'><strong>-·</strong></span> <span class='ocrx_word' id='word_1_42' title='bbox 598 443 648 449; x_wconf 87' lang='lat'>—</span> <span class='ocrx_word' id='word_1_43' title='bbox 662 421 884 468; x_wconf 83' lang='grc' dir='ltr'><em>πολυώνυμος</em></span> <span class='ocrx_word' id='word_1_44' title='bbox 902 421 1009 472; x_wconf 84' lang='grc' dir='ltr'><strong><em>σοφὸς</em></strong></span> <span class='ocrx_word' id='word_1_45' title='bbox 1030 422 1210 472; x_wconf 75' lang='grc' dir='ltr'><em>κεχώρηκεν</em></span> <span class='ocrx_word' id='word_1_46' title='bbox 1230 422 1420 469; x_wconf 78' lang='grc' dir='ltr'><strong>εὐσέβειαν,</strong></span> <span class='ocrx_word' id='word_1_47' title='bbox 1443 443 1494 449; x_wconf 95' lang='lat'><strong>—-</strong></span> <span class='ocrx_word' id='word_1_48' title='bbox 1512 423 1750 471; x_wconf 77' lang='grc' dir='ltr'><strong>φυσιολογίαν,</strong></span> 
     </span>
     <span class='ocr_line' id='line_1_8' title="bbox 249 484 1748 537; baseline -0.001 -14"><span class='ocrx_word' id='word_1_49' title='bbox 249 488 594 535; x_wconf 77' lang='grc' dir='ltr'><strong>μετεωρολογίαν.</strong></span> <span class='ocrx_word' id='word_1_50' title='bbox 618 487 761 535; x_wconf 85' lang='lat' dir='ltr'><strong>Appian.</strong></span> <span class='ocrx_word' id='word_1_51' title='bbox 777 486 865 522; x_wconf 84' lang='lat' dir='ltr'><strong>Bell.</strong></span> <span class='ocrx_word' id='word_1_52' title='bbox 882 487 943 523; x_wconf 86' lang='lat' dir='ltr'><strong>civ.</strong></span> <span class='ocrx_word' id='word_1_53' title='bbox 960 489 994 522; x_wconf 84' lang='lat'><strong>2.</strong></span> <span class='ocrx_word' id='word_1_54' title='bbox 1018 488 1223 537; x_wconf 76' lang='grc' dir='ltr'><em>Βραχμᾶνες</em></span> <span class='ocrx_word' id='word_1_55' title='bbox 1236 487 1356 525; x_wconf 79' lang='grc' dir='ltr'><em>Ἰνδῶν</em></span> <span class='ocrx_word' id='word_1_56' title='bbox 1373 484 1695 537; x_wconf 75' lang='grc' dir='ltr'><strong><em>μετεωρολόγοι</em></strong></span> <span class='ocrx_word' id='word_1_57' title='bbox 1708 500 1748 523; x_wconf 71' lang='grc' dir='ltr'><strong>τε</strong></span> 
     </span>
     <span class='ocr_line' id='line_1_9' title="bbox 250 550 1746 600; baseline -0.001 -13"><span class='ocrx_word' id='word_1_58' title='bbox 250 553 306 587; x_wconf 86' lang='grc' dir='ltr'><strong>καὶ</strong></span> <span class='ocrx_word' id='word_1_59' title='bbox 320 552 422 599; x_wconf 85' lang='grc' dir='ltr'><strong><em>σοφοὶ</em></strong></span> <span class='ocrx_word' id='word_1_60' title='bbox 434 550 521 586; x_wconf 84' lang='grc' dir='ltr'><strong><em>κατὰ</em></strong></span> <span class='ocrx_word' id='word_1_61' title='bbox 538 552 682 599; x_wconf 79' lang='grc' dir='ltr'><strong><em>Περσῶν</em></strong></span> <span class='ocrx_word' id='word_1_62' title='bbox 696 553 731 587; x_wconf 80' lang='grc' dir='ltr'><strong>οἱ</strong></span> <span class='ocrx_word' id='word_1_63' title='bbox 742 554 786 586; x_wconf 90' lang='grc' dir='ltr'><strong><em>Μ</em></strong></span> <span class='ocrx_word' id='word_1_64' title='bbox 791 550 814 586; x_wconf 83' lang='grc' dir='ltr'><strong><em>ά</em></strong></span> <span class='ocrx_word' id='word_1_65' title='bbox 824 552 914 598; x_wconf 76' lang='grc' dir='ltr'><strong>γοι),</strong></span> <span class='ocrx_word' id='word_1_66' title='bbox 935 556 1002 586; x_wconf 90' lang='lat' dir='ltr'><strong>tum</strong></span> <span class='ocrx_word' id='word_1_67' title='bbox 1014 553 1111 599; x_wconf 91' lang='lat' dir='ltr'><strong>plane</strong></span> <span class='ocrx_word' id='word_1_68' title='bbox 1126 552 1331 587; x_wconf 86' lang='lat' dir='ltr'><strong>confirmatur</strong></span> <span class='ocrx_word' id='word_1_69' title='bbox 1344 552 1501 598; x_wconf 82' lang='lat' dir='ltr'><strong>exemplis</strong></span> <span class='ocrx_word' id='word_1_70' title='bbox 1516 554 1746 600; x_wconf 77' lang='grc' dir='ltr'><em>ἱερογραμ-</em></span> 
     </span>
     <span class='ocr_line' id='line_1_10' title="bbox 246 614 1745 663; baseline -0.001 -13"><span class='ocrx_word' id='word_1_71' title='bbox 246 617 356 662; x_wconf 84' lang='grc' dir='ltr'><em>ματέ</em></span> <span class='ocrx_word' id='word_1_72' title='bbox 360 627 412 650; x_wconf 82' lang='grc' dir='ltr'><strong>ων</strong></span> <span class='ocrx_word' id='word_1_73' title='bbox 424 614 554 649; x_wconf 87' lang='lat' dir='ltr'><strong>illorum</strong></span> <span class='ocrx_word' id='word_1_74' title='bbox 565 614 933 660; x_wconf 77' lang='lat' dir='ltr'><strong>Hierosolymitanorum</strong></span> <span class='ocrx_word' id='word_1_75' title='bbox 946 615 990 650; x_wconf 88' lang='grc' dir='ltr'><strong>Β.</strong></span> <span class='ocrx_word' id='word_1_76' title='bbox 1007 614 1038 649; x_wconf 91' lang='grc' dir='ltr'><strong>Ι.</strong></span> <span class='ocrx_word' id='word_1_77' title='bbox 1054 617 1089 659; x_wconf 90' lang='grc'><strong>6,</strong></span> <span class='ocrx_word' id='word_1_78' title='bbox 1106 615 1140 659; x_wconf 90' lang='lat'><strong>5,</strong></span> <span class='ocrx_word' id='word_1_79' title='bbox 1156 617 1178 650; x_wconf 86' lang='lat'>3</span> <span class='ocrx_word' id='word_1_80' title='bbox 1195 616 1251 651; x_wconf 90' lang='lat' dir='ltr'><strong>cll.</strong></span> <span class='ocrx_word' id='word_1_81' title='bbox 1270 628 1300 651; x_wconf 91' lang='lat' dir='ltr'><strong>c.</strong></span> <span class='ocrx_word' id='word_1_82' title='bbox 1317 616 1384 663; x_wconf 86' lang='lat' dir='ltr'><strong>Ap.</strong></span> <span class='ocrx_word' id='word_1_83' title='bbox 1403 619 1436 659; x_wconf 95' lang='grc'><strong>1,</strong></span> <span class='ocrx_word' id='word_1_84' title='bbox 1452 616 1511 649; x_wconf 87' lang='grc'><strong>32.</strong></span> <span class='ocrx_word' id='word_1_85' title='bbox 1527 627 1590 661; x_wconf 81' lang='lat' dir='ltr'><strong>quo</strong></span> <span class='ocrx_word' id='word_1_86' title='bbox 1611 614 1745 649; x_wconf 86' lang='lat' dir='ltr'><strong>nomine</strong></span> 
     </span>
     <span class='ocr_line' id='line_1_11' title="bbox 248 676 1743 726; baseline -0.001 -14"><span class='ocrx_word' id='word_1_87' title='bbox 248 677 445 713; x_wconf 79' lang='lat' dir='ltr'>Pharisaeos</span> <span class='ocrx_word' id='word_1_88' title='bbox 466 678 530 713; x_wconf 85' lang='lat' dir='ltr'><strong>dici</strong></span> <span class='ocrx_word' id='word_1_89' title='bbox 549 677 630 722; x_wconf 83' lang='grc' dir='ltr'><em>τοὺς</em></span> <span class='ocrx_word' id='word_1_90' title='bbox 648 676 708 714; x_wconf 84' lang='grc' dir='ltr'><strong>τὸν</strong></span> <span class='ocrx_word' id='word_1_91' title='bbox 726 677 833 724; x_wconf 80' lang='grc' dir='ltr'><em>νόμον</em></span> <span class='ocrx_word' id='word_1_92' title='bbox 852 678 1072 724; x_wconf 78' lang='grc' dir='ltr'><strong><em>γινώςκοντας</em></strong></span> <span class='ocrx_word' id='word_1_93' title='bbox 1088 679 1162 713; x_wconf 76' lang='grc'><strong>1011.</strong></span> <span class='ocrx_word' id='word_1_94' title='bbox 1176 682 1211 723; x_wconf 87' lang='grc'><strong>7,</strong></span> <span class='ocrx_word' id='word_1_95' title='bbox 1226 683 1285 715; x_wconf 79' lang='lat'><strong>49.</strong></span> <span class='ocrx_word' id='word_1_96' title='bbox 1302 682 1336 715; x_wconf 88' lang='lat' dir='ltr'><strong>in</strong></span> <span class='ocrx_word' id='word_1_97' title='bbox 1350 685 1463 726; x_wconf 83' lang='lat' dir='ltr'><strong>aperto</strong></span> <span class='ocrx_word' id='word_1_98' title='bbox 1478 685 1542 714; x_wconf 88' lang='lat' dir='ltr'><strong>est.</strong></span> <span class='ocrx_word' id='word_1_99' title='bbox 1589 679 1743 723; x_wconf 88' lang='lat' dir='ltr'><strong>Denique</strong></span> 
     </span>
     <span class='ocr_line' id='line_1_12' title="bbox 248 740 1743 791; baseline 0 -17"><span class='ocrx_word' id='word_1_100' title='bbox 248 742 300 775; x_wconf 88' lang='lat' dir='ltr'><strong>ius</strong></span> <span class='ocrx_word' id='word_1_101' title='bbox 319 740 550 775; x_wconf 77' lang='lat' dir='ltr'><strong>medicinae</strong></span> <span class='ocrx_word' id='word_1_102' title='bbox 577 741 774 787; x_wconf 79' lang='lat' dir='ltr'><strong>magicae,</strong></span> <span class='ocrx_word' id='word_1_103' title='bbox 807 753 899 788; x_wconf 87' lang='lat' dir='ltr'><strong>quam</strong></span> <span class='ocrx_word' id='word_1_104' title='bbox 921 741 1018 776; x_wconf 85' lang='lat' dir='ltr'><strong>Philo</strong></span> <span class='ocrx_word' id='word_1_105' title='bbox 1040 746 1077 776; x_wconf 90' lang='lat' dir='ltr'><strong>ut</strong></span> <span class='ocrx_word' id='word_1_106' title='bbox 1099 753 1119 776; x_wconf 89' lang='lat' dir='ltr'><strong>a</strong></span> <span class='ocrx_word' id='word_1_107' title='bbox 1138 742 1298 776; x_wconf 86' lang='lat' dir='ltr'><strong>medicina</strong></span> <span class='ocrx_word' id='word_1_108' title='bbox 1324 743 1510 778; x_wconf 72' lang='lat' dir='ltr'><strong>methodica</strong></span> <span class='ocrx_word' id='word_1_109' title='bbox 1531 746 1565 777; x_wconf 85' lang='lat' dir='ltr'><strong>et</strong></span> <span class='ocrx_word' id='word_1_110' title='bbox 1586 741 1743 791; x_wconf 70' lang='lat' dir='ltr'><strong>empirica</strong></span> 
     </span>
     <span class='ocr_line' id='line_1_13' title="bbox 249 805 1741 852; baseline 0.001 -13"><span class='ocrx_word' id='word_1_111' title='bbox 249 805 462 850; x_wconf 81' lang='lat' dir='ltr'><strong>distingueret</strong></span> <span class='ocrx_word' id='word_1_112' title='bbox 478 806 557 848; x_wconf 79' lang='lat'><strong>199,</strong></span> <span class='ocrx_word' id='word_1_113' title='bbox 572 806 632 852; x_wconf 65' lang='lat'><strong>41,</strong></span> <span class='ocrx_word' id='word_1_114' title='bbox 648 806 707 839; x_wconf 83' lang='lat'><strong>45.</strong></span> <span class='ocrx_word' id='word_1_115' title='bbox 722 805 1020 851; x_wconf 86' lang='lat' dir='ltr'><strong>(Plat.Legg.lX.</strong></span> <span class='ocrx_word' id='word_1_116' title='bbox 1033 806 1115 849; x_wconf 88' lang='grc'><strong>857,</strong></span> <span class='ocrx_word' id='word_1_117' title='bbox 1129 806 1161 840; x_wconf 92' lang='lat' dir='ltr'><strong>d.</strong></span> <span class='ocrx_word' id='word_1_118' title='bbox 1168 805 1297 851; x_wconf 85' lang='lat' dir='ltr'><strong>Auson.</strong></span> <span class='ocrx_word' id='word_1_119' title='bbox 1309 806 1405 851; x_wconf 82' lang='lat' dir='ltr'><strong>Idyll.</strong></span> <span class='ocrx_word' id='word_1_120' title='bbox 1413 806 1480 849; x_wconf 93' lang='lat' dir='ltr'><strong>XI,</strong></span> <span class='ocrx_word' id='word_1_121' title='bbox 1494 806 1559 851; x_wconf 88' lang='grc'><strong>68)</strong></span> <span class='ocrx_word' id='word_1_122' title='bbox 1572 808 1741 850; x_wconf 76' lang='grc' dir='ltr'><em>λογοια-</em></span> 
     </span>
     <span class='ocr_line' id='line_1_14' title="bbox 248 867 1738 917; baseline -0.002 -13"><span class='ocrx_word' id='word_1_123' title='bbox 248 869 396 917; x_wconf 79' lang='grc' dir='ltr'><strong><em>τρείαν</em></strong></span> <span class='ocrx_word' id='word_1_124' title='bbox 418 868 544 902; x_wconf 84' lang='lat' dir='ltr'><strong>vocavit</strong></span> <span class='ocrx_word' id='word_1_125' title='bbox 557 867 656 913; x_wconf 87' lang='lat'><strong>(526,</strong></span> <span class='ocrx_word' id='word_1_126' title='bbox 672 869 754 914; x_wconf 88' lang='lat'><strong>38),</strong></span> <span class='ocrx_word' id='word_1_127' title='bbox 780 872 893 915; x_wconf 87' lang='lat' dir='ltr'><strong>utpote</strong></span> <span class='ocrx_word' id='word_1_128' title='bbox 911 868 1164 903; x_wconf 78' lang='lat' dir='ltr'><strong>incantationum</strong></span> <span class='ocrx_word' id='word_1_129' title='bbox 1184 873 1217 903; x_wconf 91' lang='lat' dir='ltr'><strong>et</strong></span> <span class='ocrx_word' id='word_1_130' title='bbox 1236 870 1410 903; x_wconf 80' lang='lat' dir='ltr'><strong>carminum</strong></span> <span class='ocrx_word' id='word_1_131' title='bbox 1431 880 1494 915; x_wconf 90' lang='lat' dir='ltr'><strong>ope</strong></span> <span class='ocrx_word' id='word_1_132' title='bbox 1512 867 1738 911; x_wconf 68' lang='lat' dir='ltr'><strong>factitandum,</strong></span> 
     </span>
     <span class='ocr_line' id='line_1_15' title="bbox 248 930 1737 979; baseline -0.001 -13"><span class='ocrx_word' id='word_1_133' title='bbox 248 931 333 978; x_wconf 84' lang='lat' dir='ltr'><strong>apud</strong></span> <span class='ocrx_word' id='word_1_134' title='bbox 350 930 547 965; x_wconf 77' lang='lat' dir='ltr'><strong>Pharisaeos</strong></span> <span class='ocrx_word' id='word_1_135' title='bbox 568 931 603 965; x_wconf 93' lang='lat' dir='ltr'><strong>in</strong></span> <span class='ocrx_word' id='word_1_136' title='bbox 620 943 681 965; x_wconf 89' lang='lat' dir='ltr'><strong>usu</strong></span> <span class='ocrx_word' id='word_1_137' title='bbox 701 931 823 975; x_wconf 89' lang='lat' dir='ltr'><strong>fuisse,</strong></span> <span class='ocrx_word' id='word_1_138' title='bbox 848 931 1080 965; x_wconf 79' lang='lat' dir='ltr'><strong>exorcistarum</strong></span> <span class='ocrx_word' id='word_1_139' title='bbox 1100 931 1360 966; x_wconf 84' lang='lat' dir='ltr'><strong>Phar-isaicorum</strong></span> <span class='ocrx_word' id='word_1_140' title='bbox 1378 932 1526 979; x_wconf 82' lang='lat' dir='ltr'><strong>exempla</strong></span> <span class='ocrx_word' id='word_1_141' title='bbox 1548 931 1737 974; x_wconf 85' lang='lat' dir='ltr'><strong>ostendunt,</strong></span> 
     </span>
     <span class='ocr_line' id='line_1_16' title="bbox 248 994 1735 1042; baseline -0.001 -12"><span class='ocrx_word' id='word_1_142' title='bbox 248 996 302 1042; x_wconf 88' lang='lat' dir='ltr'><strong>qui</strong></span> <span class='ocrx_word' id='word_1_143' title='bbox 323 994 467 1029; x_wconf 74' lang='lat' dir='ltr'><strong>adhibita</strong></span> <span class='ocrx_word' id='word_1_144' title='bbox 489 995 677 1030; x_wconf 88' lang='lat' dir='ltr'><strong>evocatione</strong></span> <span class='ocrx_word' id='word_1_145' title='bbox 703 995 891 1030; x_wconf 79' lang='lat' dir='ltr'><strong>daemonum</strong></span> <span class='ocrx_word' id='word_1_146' title='bbox 915 995 1052 1029; x_wconf 84' lang='lat' dir='ltr'><strong>salutem</strong></span> <span class='ocrx_word' id='word_1_147' title='bbox 1072 996 1216 1030; x_wconf 81' lang='lat' dir='ltr'><strong>obsessis</strong></span> <span class='ocrx_word' id='word_1_148' title='bbox 1237 996 1422 1030; x_wconf 85' lang='lat' dir='ltr'><strong>restituisse</strong></span> <span class='ocrx_word' id='word_1_149' title='bbox 1442 999 1613 1029; x_wconf 86' lang='lat' dir='ltr'><strong>narrantur</strong></span> <span class='ocrx_word' id='word_1_150' title='bbox 1632 994 1735 1029; x_wconf 79' lang='lat' dir='ltr'><strong>Mtth.</strong></span> 
     </span>
     <span class='ocr_line' id='line_1_17' title="bbox 248 1057 1733 1106; baseline 0 -13"><span class='ocrx_word' id='word_1_151' title='bbox 248 1061 306 1103; x_wconf 87' lang='lat'><strong>12,</strong></span> <span class='ocrx_word' id='word_1_152' title='bbox 324 1060 383 1094; x_wconf 85' lang='lat'><strong>27.</strong></span> <span class='ocrx_word' id='word_1_153' title='bbox 401 1057 489 1093; x_wconf 86' lang='lat' dir='ltr'><strong>Luc.</strong></span> <span class='ocrx_word' id='word_1_154' title='bbox 502 1058 570 1103; x_wconf 89' lang='lat' dir='ltr'><strong>XI,</strong></span> <span class='ocrx_word' id='word_1_155' title='bbox 585 1061 640 1093; x_wconf 87' lang='lat'><strong>19.</strong></span> <span class='ocrx_word' id='word_1_156' title='bbox 653 1061 689 1095; x_wconf 82' lang='grc' dir='ltr'><strong>οἱ</strong></span> <span class='ocrx_word' id='word_1_157' title='bbox 701 1060 770 1095; x_wconf 82' lang='grc' dir='ltr'><strong><em>υἱοὶ</em></strong></span> <span class='ocrx_word' id='word_1_158' title='bbox 781 1058 874 1106; x_wconf 83' lang='grc' dir='ltr'>ὑμῶν</span> <span class='ocrx_word' id='word_1_159' title='bbox 887 1062 924 1095; x_wconf 81' lang='grc' dir='ltr'><strong>ἐν</strong></span> <span class='ocrx_word' id='word_1_160' title='bbox 938 1061 1005 1095; x_wconf 84' lang='grc' dir='ltr'><em>τίνι</em></span> <span class='ocrx_word' id='word_1_161' title='bbox 1015 1057 1211 1104; x_wconf 78' lang='grc' dir='ltr'><strong><em>ἐκβάλλουσι</em></strong></span> <span class='ocrx_word' id='word_1_162' title='bbox 1223 1058 1266 1095; x_wconf 91' lang='grc' dir='ltr'><strong>τὰ</strong></span> <span class='ocrx_word' id='word_1_163' title='bbox 1281 1058 1445 1106; x_wconf 70' lang='grc' dir='ltr'><em>δαιμόνια</em></span> <span class='ocrx_word' id='word_1_164' title='bbox 1452 1073 1467 1103; x_wconf 79' lang='grc'><strong>,-</strong></span> <span class='ocrx_word' id='word_1_165' title='bbox 1494 1059 1587 1095; x_wconf 79' lang='lat' dir='ltr'><strong>Actt.</strong></span> <span class='ocrx_word' id='word_1_166' title='bbox 1604 1061 1661 1103; x_wconf 84' lang='lat'><strong>19,</strong></span> <span class='ocrx_word' id='word_1_167' title='bbox 1676 1059 1733 1093; x_wconf 85' lang='lat'><strong>13.</strong></span> 
     </span>
     <span class='ocr_line' id='line_1_18' title="bbox 249 1121 1736 1171; baseline 0 -14"><span class='ocrx_word' id='word_1_168' title='bbox 249 1125 307 1158; x_wconf 76' lang='lat'><strong>14.</strong></span> <span class='ocrx_word' id='word_1_169' title='bbox 356 1121 482 1158; x_wconf 87' lang='lat' dir='ltr'><strong>Scevae</strong></span> <span class='ocrx_word' id='word_1_170' title='bbox 494 1122 609 1158; x_wconf 87' lang='lat' dir='ltr'><strong>Iudaei</strong></span> <span class='ocrx_word' id='word_1_171' title='bbox 629 1124 897 1171; x_wconf 83' lang='lat' dir='ltr'><strong>archipresbyteri</strong></span> <span class='ocrx_word' id='word_1_172' title='bbox 913 1128 1037 1171; x_wconf 85' lang='lat' dir='ltr'><strong>septem</strong></span> <span class='ocrx_word' id='word_1_173' title='bbox 1053 1123 1113 1157; x_wconf 89' lang='lat' dir='ltr'><strong>filii</strong></span> <span class='ocrx_word' id='word_1_174' title='bbox 1128 1124 1309 1158; x_wconf 84' lang='lat' dir='ltr'><strong>exorcistae</strong></span> <span class='ocrx_word' id='word_1_175' title='bbox 1331 1128 1561 1159; x_wconf 87' lang='lat' dir='ltr'><strong>memorantur.</strong></span> <span class='ocrx_word' id='word_1_176' title='bbox 1585 1123 1682 1157; x_wconf 74' lang='lat' dir='ltr'><strong>Antt.</strong></span> <span class='ocrx_word' id='word_1_177' title='bbox 1697 1124 1736 1166; x_wconf 89' lang='grc'><strong>8,</strong></span> 
     </span>
     <span class='ocr_line' id='line_1_19' title="bbox 250 1186 1736 1233; baseline 0 -13"><span class='ocrx_word' id='word_1_178' title='bbox 250 1189 285 1229; x_wconf 92' lang='grc'><strong>2,</strong></span> <span class='ocrx_word' id='word_1_179' title='bbox 303 1186 337 1220; x_wconf 90' lang='grc'><strong>5.</strong></span> <span class='ocrx_word' id='word_1_180' title='bbox 353 1187 409 1220; x_wconf 88' lang='grc'><strong>011.</strong></span> <span class='ocrx_word' id='word_1_181' title='bbox 424 1186 468 1221; x_wconf 91' lang='grc' dir='ltr'><strong>Β.</strong></span> <span class='ocrx_word' id='word_1_182' title='bbox 479 1186 511 1220; x_wconf 90' lang='lat' dir='ltr'><strong>I.</strong></span> <span class='ocrx_word' id='word_1_183' title='bbox 525 1188 560 1230; x_wconf 85' lang='lat'><strong>7,</strong></span> <span class='ocrx_word' id='word_1_184' title='bbox 574 1189 608 1229; x_wconf 83' lang='lat'><strong>6,</strong></span> <span class='ocrx_word' id='word_1_185' title='bbox 625 1190 659 1221; x_wconf 87' lang='lat'><strong>3.</strong></span> <span class='ocrx_word' id='word_1_186' title='bbox 675 1191 780 1221; x_wconf 86' lang='lat' dir='ltr'><strong>autem</strong></span> <span class='ocrx_word' id='word_1_187' title='bbox 796 1188 979 1230; x_wconf 85' lang='lat' dir='ltr'><strong>materiam,</strong></span> <span class='ocrx_word' id='word_1_188' title='bbox 1003 1199 1064 1232; x_wconf 84' lang='lat' dir='ltr'><strong>qua</strong></span> <span class='ocrx_word' id='word_1_189' title='bbox 1075 1191 1259 1230; x_wconf 86' lang='lat' dir='ltr'><strong>uterentur,</strong></span> <span class='ocrx_word' id='word_1_190' title='bbox 1278 1188 1435 1221; x_wconf 83' lang='lat' dir='ltr'><strong>medicam</strong></span> <span class='ocrx_word' id='word_1_191' title='bbox 1447 1188 1616 1233; x_wconf 82' lang='lat' dir='ltr'><strong>ipsamque</strong></span> <span class='ocrx_word' id='word_1_192' title='bbox 1632 1190 1736 1220; x_wconf 85' lang='lat' dir='ltr'><strong>artem</strong></span> 
     </span>
     <span class='ocr_line' id='line_1_20' title="bbox 247 1248 1731 1296; baseline 0 -13"><span class='ocrx_word' id='word_1_193' title='bbox 247 1248 399 1284; x_wconf 88' lang='lat' dir='ltr'><strong>medendi</strong></span> <span class='ocrx_word' id='word_1_194' title='bbox 415 1249 557 1296; x_wconf 82' lang='lat' dir='ltr'><strong>produnt</strong></span> <span class='ocrx_word' id='word_1_195' title='bbox 576 1249 621 1284; x_wconf 84' lang='lat' dir='ltr'><strong>cf.</strong></span> <span class='ocrx_word' id='word_1_196' title='bbox 639 1250 805 1285; x_wconf 72' lang='lat' dir='ltr'><strong>Plutarch.</strong></span> <span class='ocrx_word' id='word_1_197' title='bbox 829 1250 869 1284; x_wconf 89' lang='lat' dir='ltr'><strong>de</strong></span> <span class='ocrx_word' id='word_1_198' title='bbox 888 1250 1025 1285; x_wconf 74' lang='lat' dir='ltr'><strong>Fluviis.</strong></span> <span class='ocrx_word' id='word_1_199' title='bbox 1048 1250 1101 1284; x_wconf 87' lang='lat' dir='ltr'><strong>ed.</strong></span> <span class='ocrx_word' id='word_1_200' title='bbox 1122 1250 1280 1284; x_wconf 86' lang='lat' dir='ltr'><strong>Hercher.</strong></span> <span class='ocrx_word' id='word_1_201' title='bbox 1294 1250 1392 1296; x_wconf 86' lang='lat' dir='ltr'><strong>Lips.</strong></span> <span class='ocrx_word' id='word_1_202' title='bbox 1412 1252 1515 1284; x_wconf 88' lang='grc'><strong>1851.</strong></span> <span class='ocrx_word' id='word_1_203' title='bbox 1530 1261 1604 1296; x_wconf 85' lang='lat' dir='ltr'><strong>cap.</strong></span> <span class='ocrx_word' id='word_1_204' title='bbox 1622 1251 1678 1292; x_wconf 88' lang='grc'><strong>16,</strong></span> <span class='ocrx_word' id='word_1_205' title='bbox 1695 1251 1731 1283; x_wconf 83' lang='grc'><strong>2.</strong></span> 
     </span>
     <span class='ocr_line' id='line_1_21' title="bbox 247 1312 1731 1359; baseline -0.001 -12"><span class='ocrx_word' id='word_1_206' title='bbox 247 1313 373 1357; x_wconf 73' lang='lat' dir='ltr'><strong>Quibus</strong></span> <span class='ocrx_word' id='word_1_207' title='bbox 391 1312 514 1347; x_wconf 83' lang='lat' dir='ltr'><strong>artibus</strong></span> <span class='ocrx_word' id='word_1_208' title='bbox 536 1324 630 1359; x_wconf 79' lang='lat' dir='ltr'><strong>quum</strong></span> <span class='ocrx_word' id='word_1_209' title='bbox 651 1312 687 1346; x_wconf 89' lang='lat' dir='ltr'><strong>id</strong></span> <span class='ocrx_word' id='word_1_210' title='bbox 706 1313 909 1359; x_wconf 86' lang='lat' dir='ltr'><strong>potissimum</strong></span> <span class='ocrx_word' id='word_1_211' title='bbox 931 1316 1096 1359; x_wconf 85' lang='lat' dir='ltr'><strong>ageretur,</strong></span> <span class='ocrx_word' id='word_1_212' title='bbox 1121 1317 1158 1347; x_wconf 89' lang='lat' dir='ltr'><strong>ut</strong></span> <span class='ocrx_word' id='word_1_213' title='bbox 1176 1337 1200 1356; x_wconf 90' lang='lat'>„</span> <span class='ocrx_word' id='word_1_214' title='bbox 1210 1313 1318 1359; x_wconf 86' lang='lat' dir='ltr'><strong>specie</strong></span> <span class='ocrx_word' id='word_1_215' title='bbox 1343 1313 1475 1347; x_wconf 88' lang='lat' dir='ltr'><strong>salutari</strong></span> <span class='ocrx_word' id='word_1_216' title='bbox 1492 1313 1579 1347; x_wconf 86' lang='lat' dir='ltr'><strong>velut</strong></span> <span class='ocrx_word' id='word_1_217' title='bbox 1602 1312 1731 1346; x_wconf 85' lang='lat' dir='ltr'><strong>altioris</strong></span> 
     </span>
     <span class='ocr_line' id='line_1_22' title="bbox 247 1376 1731 1421; baseline -0.001 -11"><span class='ocrx_word' id='word_1_218' title='bbox 247 1376 485 1421; x_wconf 84' lang='lat' dir='ltr'><strong>sanctiorisque</strong></span> <span class='ocrx_word' id='word_1_219' title='bbox 499 1376 677 1410; x_wconf 88' lang='lat' dir='ltr'><strong>medicinae</strong></span> <span class='ocrx_word' id='word_1_220' title='bbox 685 1380 719 1410; x_wconf 91' lang='lat' dir='ltr'><strong>et</strong></span> <span class='ocrx_word' id='word_1_221' title='bbox 730 1376 952 1410; x_wconf 87' lang='lat' dir='ltr'><strong>blandissimis·</strong></span> <span class='ocrx_word' id='word_1_222' title='bbox 963 1376 1037 1410; x_wconf 82' lang='lat' dir='ltr'><strong>eius</strong></span> <span class='ocrx_word' id='word_1_223' title='bbox 1049 1376 1390 1421; x_wconf 83' lang='lat' dir='ltr'><strong>desideratissimisque</strong></span> <span class='ocrx_word' id='word_1_224' title='bbox 1403 1376 1572 1421; x_wconf 84' lang='lat' dir='ltr'><strong>promissis</strong></span> <span class='ocrx_word' id='word_1_225' title='bbox 1585 1379 1731 1409; x_wconf 84' lang='lat' dir='ltr'><strong>assumta</strong></span> 
     </span>
     <span class='ocr_line' id='line_1_23' title="bbox 246 1438 1731 1489; baseline -0.001 -16"><span class='ocrx_word' id='word_1_226' title='bbox 246 1444 353 1473; x_wconf 84' lang='lat' dir='ltr'><strong>vatum</strong></span> <span class='ocrx_word' id='word_1_227' title='bbox 375 1438 571 1489; x_wconf 80' lang='lat' dir='ltr'><strong>divinatione</strong></span> <span class='ocrx_word' id='word_1_228' title='bbox 592 1444 625 1473; x_wconf 82' lang='lat' dir='ltr'><strong>et</strong></span> <span class='ocrx_word' id='word_1_229' title='bbox 644 1440 877 1474; x_wconf 87' lang='lat' dir='ltr'><strong>sacrificiorum</strong></span> <span class='ocrx_word' id='word_1_230' title='bbox 897 1439 1092 1474; x_wconf 85' lang='lat' dir='ltr'><strong>caerimonia</strong></span> <span class='ocrx_word' id='word_1_231' title='bbox 1109 1440 1192 1474; x_wconf 86' lang='lat' dir='ltr'><strong>vires</strong></span> <span class='ocrx_word' id='word_1_232' title='bbox 1206 1439 1371 1485; x_wconf 83' lang='lat' dir='ltr'><strong>religionis</strong></span> <span class='ocrx_word' id='word_1_233' title='bbox 1389 1439 1609 1473; x_wconf 65' lang='lat' dir='ltr'><strong>adderentuff‘</strong></span> <span class='ocrx_word' id='word_1_234' title='bbox 1623 1438 1731 1484; x_wconf 89' lang='lat' dir='ltr'><strong>(Plin.</strong></span> 
     </span>
     <span class='ocr_line' id='line_1_24' title="bbox 246 1501 1731 1549; baseline -0.002 -11"><span class='ocrx_word' id='word_1_235' title='bbox 246 1503 292 1538; x_wconf 85' lang='grc' dir='ltr'><strong>Η.</strong></span> <span class='ocrx_word' id='word_1_236' title='bbox 305 1502 351 1537; x_wconf 85' lang='grc' dir='ltr'><strong>Ν.</strong></span> <span class='ocrx_word' id='word_1_237' title='bbox 363 1504 420 1546; x_wconf 90' lang='grc'><strong>30,</strong></span> <span class='ocrx_word' id='word_1_238' title='bbox 438 1503 488 1548; x_wconf 91' lang='grc'><strong>1),</strong></span> <span class='ocrx_word' id='word_1_239' title='bbox 508 1504 649 1548; x_wconf 81' lang='lat' dir='ltr'><strong>quamvis</strong></span> <span class='ocrx_word' id='word_1_240' title='bbox 663 1504 779 1538; x_wconf 87' lang='lat' dir='ltr'><strong>artium</strong></span> <span class='ocrx_word' id='word_1_241' title='bbox 791 1515 853 1538; x_wconf 84' lang='lat' dir='ltr'><strong>usu</strong></span> <span class='ocrx_word' id='word_1_242' title='bbox 866 1504 1060 1549; x_wconf 82' lang='lat' dir='ltr'><strong>magicarum</strong></span> <span class='ocrx_word' id='word_1_243' title='bbox 1074 1504 1146 1549; x_wconf 90' lang='lat' dir='ltr'><strong>lege</strong></span> <span class='ocrx_word' id='word_1_244' title='bbox 1159 1503 1257 1537; x_wconf 87' lang='lat' dir='ltr'><strong>Deut.</strong></span> <span class='ocrx_word' id='word_1_245' title='bbox 1276 1504 1330 1546; x_wconf 91' lang='grc'><strong>18,</strong></span> <span class='ocrx_word' id='word_1_246' title='bbox 1350 1506 1385 1536; x_wconf 81' lang='lat' dir='ltr'><strong>ll</strong></span> <span class='ocrx_word' id='word_1_247' title='bbox 1400 1502 1607 1537; x_wconf 87' lang='lat' dir='ltr'><strong>interdictum</strong></span> <span class='ocrx_word' id='word_1_248' title='bbox 1619 1501 1731 1545; x_wconf 78' lang='lat' dir='ltr'><strong>fuerit,</strong></span> 
     </span>
     <span class='ocr_line' id='line_1_25' title="bbox 250 1565 1731 1613; baseline -0.001 -12"><span class='ocrx_word' id='word_1_249' title='bbox 250 1578 318 1602; x_wconf 85' lang='lat' dir='ltr'><strong>non</strong></span> <span class='ocrx_word' id='word_1_250' title='bbox 340 1565 471 1610; x_wconf 90' lang='lat' dir='ltr'><strong>dubito,</strong></span> <span class='ocrx_word' id='word_1_251' title='bbox 497 1566 594 1613; x_wconf 86' lang='lat' dir='ltr'><strong>quin,</strong></span> <span class='ocrx_word' id='word_1_252' title='bbox 619 1577 700 1613; x_wconf 81' lang='lat' dir='ltr'><strong>quae</strong></span> <span class='ocrx_word' id='word_1_253' title='bbox 716 1566 756 1602; x_wconf 87' lang='lat' dir='ltr'><strong>de</strong></span> <span class='ocrx_word' id='word_1_254' title='bbox 768 1567 865 1603; x_wconf 89' lang='lat' dir='ltr'><strong>editis</strong></span> <span class='ocrx_word' id='word_1_255' title='bbox 877 1571 983 1602; x_wconf 88' lang='lat' dir='ltr'><strong>vatum</strong></span> <span class='ocrx_word' id='word_1_256' title='bbox 998 1566 1138 1601; x_wconf 86' lang='lat' dir='ltr'><strong>oraculis</strong></span> <span class='ocrx_word' id='word_1_257' title='bbox 1152 1577 1191 1601; x_wconf 86' lang='lat' dir='ltr'><strong>ac</strong></span> <span class='ocrx_word' id='word_1_258' title='bbox 1210 1565 1444 1601; x_wconf 85' lang='lat' dir='ltr'><strong>sacrificiis</strong></span> <span class='ocrx_word' id='word_1_259' title='bbox 1467 1565 1630 1612; x_wconf 86' lang='lat' dir='ltr'><strong>peractis,</strong></span> <span class='ocrx_word' id='word_1_260' title='bbox 1655 1565 1731 1611; x_wconf 86' lang='lat' dir='ltr'><strong>qni-</strong></span> 
     </span>
     <span class='ocr_line' id='line_1_26' title="bbox 246 1629 1730 1674; baseline -0.002 -9"><span class='ocrx_word' id='word_1_261' title='bbox 246 1631 308 1665; x_wconf 77' lang='lat' dir='ltr'><strong>&#39;bus</strong></span> <span class='ocrx_word' id='word_1_262' title='bbox 320 1629 473 1664; x_wconf 88' lang='lat' dir='ltr'><strong>Herodes</strong></span> <span class='ocrx_word' id='word_1_263' title='bbox 485 1629 534 1663; x_wconf 91' lang='lat' dir='ltr'><strong>M.</strong></span> <span class='ocrx_word' id='word_1_264' title='bbox 544 1640 602 1663; x_wconf 84' lang='lat' dir='ltr'><strong>rex</strong></span> <span class='ocrx_word' id='word_1_265' title='bbox 617 1629 837 1674; x_wconf 87' lang='lat' dir='ltr'><strong>devoveretur,</strong></span> <span class='ocrx_word' id='word_1_266' title='bbox 851 1631 1090 1665; x_wconf 82' lang='lat' dir='ltr'><strong>coniuratarum</strong></span> <span class='ocrx_word' id='word_1_267' title='bbox 1103 1641 1174 1664; x_wconf 91' lang='lat' dir='ltr'><strong>cum</strong></span> <span class='ocrx_word' id='word_1_268' title='bbox 1188 1629 1371 1664; x_wconf 85' lang='lat' dir='ltr'><strong>Pharisaeis</strong></span> <span class='ocrx_word' id='word_1_269' title='bbox 1386 1633 1603 1663; x_wconf 86' lang='lat' dir='ltr'><strong>matronarum</strong></span> <span class='ocrx_word' id='word_1_270' title='bbox 1616 1640 1730 1662; x_wconf 85' lang='lat' dir='ltr'><strong>manus</strong></span> 
     </span>
     <span class='ocr_line' id='line_1_27' title="bbox 247 1692 1731 1740; baseline -0.001 -12"><span class='ocrx_word' id='word_1_271' title='bbox 247 1693 410 1729; x_wconf 83' lang='lat' dir='ltr'><strong>effutierat</strong></span> <span class='ocrx_word' id='word_1_272' title='bbox 422 1693 532 1739; x_wconf 83' lang='lat' dir='ltr'><strong>(Autt.</strong></span> <span class='ocrx_word' id='word_1_273' title='bbox 552 1694 608 1738; x_wconf 89' lang='grc'><strong>17,</strong></span> <span class='ocrx_word' id='word_1_274' title='bbox 623 1692 658 1737; x_wconf 90' lang='grc'><strong>5,</strong></span> <span class='ocrx_word' id='word_1_275' title='bbox 671 1695 705 1728; x_wconf 89' lang='grc'><strong>6.</strong></span> <span class='ocrx_word' id='word_1_276' title='bbox 722 1694 778 1729; x_wconf 89' lang='grc'><strong>011.</strong></span> <span class='ocrx_word' id='word_1_277' title='bbox 794 1695 828 1738; x_wconf 88' lang='grc'><strong>2,</strong></span> <span class='ocrx_word' id='word_1_278' title='bbox 844 1695 868 1728; x_wconf 83' lang='lat'>4</span> <span class='ocrx_word' id='word_1_279' title='bbox 880 1693 970 1740; x_wconf 64' lang='lat' dir='ltr'><strong>iim),</strong></span> <span class='ocrx_word' id='word_1_280' title='bbox 992 1705 1031 1728; x_wconf 89' lang='lat' dir='ltr'><strong>ea</strong></span> <span class='ocrx_word' id='word_1_281' title='bbox 1052 1694 1159 1728; x_wconf 80' lang='lat' dir='ltr'><strong>omnia</strong></span> <span class='ocrx_word' id='word_1_282' title='bbox 1179 1694 1221 1728; x_wconf 89' lang='lat' dir='ltr'><strong>ad</strong></span> <span class='ocrx_word' id='word_1_283' title='bbox 1242 1699 1327 1729; x_wconf 85' lang='lat' dir='ltr'><strong>artes</strong></span> <span class='ocrx_word' id='word_1_284' title='bbox 1341 1692 1481 1739; x_wconf 84' lang='lat' dir='ltr'><strong>magicas</strong></span> <span class='ocrx_word' id='word_1_285' title='bbox 1500 1692 1731 1739; x_wconf 78' lang='lat' dir='ltr'><strong>spectaverint,</strong></span> 
     </span>
     <span class='ocr_line' id='line_1_28' title="bbox 247 1755 1730 1803; baseline -0.002 -12"><span class='ocrx_word' id='word_1_286' title='bbox 247 1768 368 1803; x_wconf 88' lang='lat' dir='ltr'><strong>eaeque</strong></span> <span class='ocrx_word' id='word_1_287' title='bbox 388 1758 480 1803; x_wconf 90' lang='lat' dir='ltr'><strong>ipsae</strong></span> <span class='ocrx_word' id='word_1_288' title='bbox 499 1757 682 1803; x_wconf 80' lang='lat' dir='ltr'><strong>patefactae</strong></span> <span class='ocrx_word' id='word_1_289' title='bbox 702 1757 865 1792; x_wconf 87' lang='lat' dir='ltr'><strong>Herodem</strong></span> <span class='ocrx_word' id='word_1_290' title='bbox 882 1757 932 1791; x_wconf 90' lang='lat' dir='ltr'><strong>M.</strong></span> <span class='ocrx_word' id='word_1_291' title='bbox 954 1757 1160 1803; x_wconf 87' lang='lat' dir='ltr'><strong>impulerint,</strong></span> <span class='ocrx_word' id='word_1_292' title='bbox 1185 1762 1221 1791; x_wconf 91' lang='lat' dir='ltr'><strong>ut</strong></span> <span class='ocrx_word' id='word_1_293' title='bbox 1237 1758 1346 1791; x_wconf 89' lang='lat' dir='ltr'><strong>socios</strong></span> <span class='ocrx_word' id='word_1_294' title='bbox 1360 1767 1398 1789; x_wconf 87' lang='lat' dir='ltr'><strong>ac</strong></span> <span class='ocrx_word' id='word_1_295' title='bbox 1410 1756 1577 1789; x_wconf 87' lang='lat' dir='ltr'><strong>ministros</strong></span> <span class='ocrx_word' id='word_1_296' title='bbox 1592 1755 1730 1789; x_wconf 84' lang='lat' dir='ltr'><strong>sceleris</strong></span> 
     </span>
     <span class='ocr_line' id='line_1_29' title="bbox 246 1817 1731 1866; baseline -0.001 -13"><span class='ocrx_word' id='word_1_297' title='bbox 246 1820 443 1853; x_wconf 85' lang='lat' dir='ltr'><strong>Pharisaeos</strong></span> <span class='ocrx_word' id='word_1_298' title='bbox 462 1820 568 1866; x_wconf 86' lang='lat' dir='ltr'><strong>capite</strong></span> <span class='ocrx_word' id='word_1_299' title='bbox 586 1820 757 1866; x_wconf 87' lang='lat' dir='ltr'><strong>plecteret.</strong></span> <span class='ocrx_word' id='word_1_300' title='bbox 805 1819 987 1855; x_wconf 85' lang='lat' dir='ltr'><strong>Sacrificiis</strong></span> <span class='ocrx_word' id='word_1_301' title='bbox 1007 1820 1093 1854; x_wconf 92' lang='lat' dir='ltr'><strong>enim</strong></span> <span class='ocrx_word' id='word_1_302' title='bbox 1105 1819 1219 1854; x_wconf 83' lang='lat' dir='ltr'><strong>Iudaei</strong></span> <span class='ocrx_word' id='word_1_303' title='bbox 1234 1820 1263 1854; x_wconf 90' lang='lat' dir='ltr'><strong>si</strong></span> <span class='ocrx_word' id='word_1_304' title='bbox 1276 1820 1338 1853; x_wconf 88' lang='lat' dir='ltr'><strong>vim</strong></span> <span class='ocrx_word' id='word_1_305' title='bbox 1353 1819 1531 1853; x_wconf 83' lang='lat' dir='ltr'><strong>tribuerunt</strong></span> <span class='ocrx_word' id='word_1_306' title='bbox 1546 1818 1631 1851; x_wconf 84' lang='lat' dir='ltr'><strong>mala</strong></span> <span class='ocrx_word' id='word_1_307' title='bbox 1644 1817 1731 1864; x_wconf 84' lang='lat' dir='ltr'><strong>phy-</strong></span> 
     </span>
     <span class='ocr_line' id='line_1_30' title="bbox 243 1883 1730 1931; baseline -0.001 -12"><span class='ocrx_word' id='word_1_308' title='bbox 243 1885 318 1919; x_wconf 85' lang='lat' dir='ltr'><strong>sica</strong></span> <span class='ocrx_word' id='word_1_309' title='bbox 344 1883 529 1931; x_wconf 86' lang='lat' dir='ltr'><strong>depellendi</strong></span> <span class='ocrx_word' id='word_1_310' title='bbox 553 1885 735 1931; x_wconf 84' lang='lat' dir='ltr'><strong>morbisque</strong></span> <span class='ocrx_word' id='word_1_311' title='bbox 756 1888 789 1919; x_wconf 91' lang='lat' dir='ltr'><strong>et</strong></span> <span class='ocrx_word' id='word_1_312' title='bbox 806 1884 902 1919; x_wconf 78' lang='lat' dir='ltr'><strong>morti</strong></span> <span class='ocrx_word' id='word_1_313' title='bbox 924 1884 1104 1928; x_wconf 88' lang='lat' dir='ltr'><strong>eximendi,</strong></span> <span class='ocrx_word' id='word_1_314' title='bbox 1134 1884 1171 1918; x_wconf 91' lang='lat' dir='ltr'><strong>id</strong></span> <span class='ocrx_word' id='word_1_315' title='bbox 1192 1884 1278 1930; x_wconf 87' lang='lat' dir='ltr'><strong>quod</strong></span> <span class='ocrx_word' id='word_1_316' title='bbox 1300 1884 1383 1919; x_wconf 88' lang='lat' dir='ltr'><strong>locis</strong></span> <span class='ocrx_word' id='word_1_317' title='bbox 1400 1883 1495 1918; x_wconf 84' lang='lat' dir='ltr'><strong>Antt.</strong></span> <span class='ocrx_word' id='word_1_318' title='bbox 1517 1884 1552 1926; x_wconf 83' lang='lat'><strong>3,</strong></span> <span class='ocrx_word' id='word_1_319' title='bbox 1574 1884 1610 1926; x_wconf 79' lang='lat'><strong>9,</strong></span> <span class='ocrx_word' id='word_1_320' title='bbox 1633 1884 1670 1917; x_wconf 76' lang='lat'><strong>4.</strong></span> <span class='ocrx_word' id='word_1_321' title='bbox 1696 1886 1730 1917; x_wconf 90' lang='lat' dir='ltr'><strong>et</strong></span> 
     </span>
     <span class='ocr_line' id='line_1_31' title="bbox 247 1946 1731 1994; baseline -0.001 -12"><span class='ocrx_word' id='word_1_322' title='bbox 247 1950 282 1991; x_wconf 87' lang='lat'><strong>2,</strong></span> <span class='ocrx_word' id='word_1_323' title='bbox 296 1948 382 1991; x_wconf 76' lang='lat'><strong>224,</strong></span> <span class='ocrx_word' id='word_1_324' title='bbox 394 1948 439 1981; x_wconf 83' lang='grc'><strong>33</strong></span> <span class='ocrx_word' id='word_1_325' title='bbox 463 1947 600 1981; x_wconf 80' lang='lat' dir='ltr'><strong>testibus</strong></span> <span class='ocrx_word' id='word_1_326' title='bbox 618 1951 765 1991; x_wconf 88' lang='lat' dir='ltr'><strong>constat,</strong></span> <span class='ocrx_word' id='word_1_327' title='bbox 789 1958 846 1982; x_wconf 91' lang='lat' dir='ltr'><strong>cur</strong></span> <span class='ocrx_word' id='word_1_328' title='bbox 857 1947 973 1982; x_wconf 85' lang='lat' dir='ltr'><strong>iisdem</strong></span> <span class='ocrx_word' id='word_1_329' title='bbox 985 1947 1160 1994; x_wconf 86' lang='lat' dir='ltr'><strong>praesidiis</strong></span> <span class='ocrx_word' id='word_1_330' title='bbox 1174 1947 1216 1981; x_wconf 88' lang='lat' dir='ltr'><strong>ad</strong></span> <span class='ocrx_word' id='word_1_331' title='bbox 1228 1948 1312 1981; x_wconf 81' lang='lat' dir='ltr'><strong>mala</strong></span> <span class='ocrx_word' id='word_1_332' title='bbox 1325 1946 1500 1993; x_wconf 85' lang='lat' dir='ltr'><strong>infligenda</strong></span> <span class='ocrx_word' id='word_1_333' title='bbox 1515 1946 1565 1981; x_wconf 82' lang='lat' dir='ltr'><strong>nti</strong></span> <span class='ocrx_word' id='word_1_334' title='bbox 1579 1946 1731 1993; x_wconf 84' lang='lat' dir='ltr'><strong>potuisse</strong></span> 
     </span>
     <span class='ocr_line' id='line_1_32' title="bbox 242 2009 901 2057; baseline -0.002 -11"><span class='ocrx_word' id='word_1_335' title='bbox 242 2010 442 2047; x_wconf 80' lang='lat' dir='ltr'><strong>Pharisaeos</strong></span> <span class='ocrx_word' id='word_1_336' title='bbox 452 2010 662 2057; x_wconf 85' lang='lat' dir='ltr'><strong>improbabile</strong></span> <span class='ocrx_word' id='word_1_337' title='bbox 674 2009 901 2046; x_wconf 73' lang='lat' dir='ltr'><strong>iudicandum?</strong></span> 
     </span>
    </p>

    <p class='ocr_par' dir='ltr' id='par_1_6' title="bbox 243 2072 1731 2188">
     <span class='ocr_line' id='line_1_33' title="bbox 338 2072 1731 2122; baseline 0 -13"><span class='ocrx_word' id='word_1_338' title='bbox 338 2073 508 2120; x_wconf 88' lang='lat' dir='ltr'><strong>Pergimus</strong></span> <span class='ocrx_word' id='word_1_339' title='bbox 524 2072 567 2107; x_wconf 88' lang='lat' dir='ltr'><strong>ad</strong></span> <span class='ocrx_word' id='word_1_340' title='bbox 584 2072 635 2108; x_wconf 89' lang='lat' dir='ltr'><strong>ius</strong></span> <span class='ocrx_word' id='word_1_341' title='bbox 649 2073 850 2121; x_wconf 85' lang='lat' dir='ltr'><strong>liturgicum,</strong></span> <span class='ocrx_word' id='word_1_342' title='bbox 876 2074 1010 2121; x_wconf 82' lang='lat' dir='ltr'><strong>quodin</strong></span> <span class='ocrx_word' id='word_1_343' title='bbox 1024 2074 1202 2110; x_wconf 84' lang='lat' dir='ltr'><strong>ordinando</strong></span> <span class='ocrx_word' id='word_1_344' title='bbox 1223 2085 1387 2110; x_wconf 89' lang='lat' dir='ltr'><strong>sacrorum</strong></span> <span class='ocrx_word' id='word_1_345' title='bbox 1400 2075 1467 2111; x_wconf 87' lang='lat' dir='ltr'><strong>ritu</strong></span> <span class='ocrx_word' id='word_1_346' title='bbox 1486 2074 1731 2122; x_wconf 89' lang='lat' dir='ltr'><strong>comprecatio-</strong></span> 
     </span>
     <span class='ocr_line' id='line_1_34' title="bbox 243 2138 1728 2188; baseline 0 -14"><span class='ocrx_word' id='word_1_347' title='bbox 243 2150 380 2188; x_wconf 79' lang='lat' dir='ltr'><strong>numque</strong></span> <span class='ocrx_word' id='word_1_348' title='bbox 407 2138 614 2184; x_wconf 86' lang='lat' dir='ltr'><strong>solemnium,</strong></span> <span class='ocrx_word' id='word_1_349' title='bbox 642 2138 929 2185; x_wconf 86' lang='lat' dir='ltr'><strong>supplicationum,</strong></span> <span class='ocrx_word' id='word_1_350' title='bbox 961 2139 1243 2183; x_wconf 84' lang='lat' dir='ltr'><strong>acclamatiouum,</strong></span> <span class='ocrx_word' id='word_1_351' title='bbox 1272 2140 1471 2175; x_wconf 86' lang='lat' dir='ltr'><strong>cantieorum</strong></span> <span class='ocrx_word' id='word_1_352' title='bbox 1482 2164 1495 2185; x_wconf 91' lang='lat'><strong>,</strong></span> <span class='ocrx_word' id='word_1_353' title='bbox 1527 2139 1728 2185; x_wconf 80' lang='lat' dir='ltr'><strong>hymnorum,</strong></span> 
     </span>
    </p>
   </div>
  </div>
 </body>
</html>
