1947 2424
939 73 1174 114 dn—-v

221 180 276 227 qui
292 178 437 214 doctrina
453 180 487 212 et
502 174 663 222 sapientia
680 172 799 208 ceteris
817 172 978 206 anteirent
1005 170 1164 205 omnibus.
1210 169 1261 206 Et
1280 170 1343 206 hos
1363 171 1494 219 quiden
1511 173 1591 210 illos
1610 175 1704 224 ipsos

220 244 322 278 fuisse
337 244 483 283 constat,
504 239 559 285 qui
573 237 742 272 Pharisaei
757 235 965 283 postmodum
978 234 1113 269 vocitati
1129 238 1206 270 sunt
1221 233 1283 271 διὰ
1298 232 1360 284 τὴν
1372 237 1549 285 ἐμπειρίαν
1561 238 1708 306 17:⁶⁸1«ss-

222 320 293 353 μων
310 306 365 339 vit.
379 305 435 338 38.
450 303 524 350 περὶ
541 299 585 337 τὰ
602 298 732 349 πάτρια
751 297 880 346 νόμιμα
899 299 1081 343 δοκοῦντες
1099 299 1166 334 τῶν
1186 296 1295 335 ἄλλων
1310 296 1514 348 ἀκριβείᾳ
1538 302 1710 353 διαφέρειν

220 370 276 403 vit.
291 371 347 403 39.
371 366 463 400 Antt.
480 366 536 408 20,
557 366 611 407 12,
630 367 662 398 l.
680 362 802 410 μόνοις
819 365 859 399 δὲ
879 364 1004 412 σοφίαν
1022 363 1234 411 μαρτυροῦσι
1253 368 1327 407 τοῖς
1345 360 1391 399 τὰ
1411 361 1575 411 νόμιμα
1595 370 1711 416 σαφῶς

219 433 449 475 ἐπισταμένοις
460 429 516 463 καὶ
528 426 588 475 τὴν
608 441 627 463 τ
634 429 660 463 ὥ
668 442 688 463 ν
706 430 741 463 ἱε
749 440 768 476 ρ
775 429 802 463 ὤ
810 441 829 463 ν
850 440 895 476 γρ
903 441 927 462 α
932 441 959 473 μ
965 441 991 473 μ
999 425 1022 462 α’
1029 441 1049 462 τ
1056 440 1082 462 ω
1090 440 1110 462 ν
1125 425 1273 473 δύναμιν
1286 427 1489 476 ἑρμηνεῦσαι
1500 430 1710 477 δυναμένοις.

217 495 328 540 Itaque
343 492 469 527 turbida
483 492 541 525 illa
553 495 760 538 tempestate,
778 504 873 538 quum
884 491 1023 526 reduces
1038 503 1078 526 ex
1090 491 1271 537 Babylonia
1281 490 1398 526 Iudaei
1408 491 1600 529 infestorum
1611 494 1710 530 undi-

218 569 276 604 que
291 556 431 591 hostium
447 556 577 590 insidiis
591 560 688 602 atque
702 556 942 591 incursionibus
957 556 1065 602 pressi
1077 556 1130 590 vix
1145 560 1282 602 possent
1293 556 1398 591 solum
1414 557 1554 604 patrium
1568 560 1710 596 retinere

214 631 372 666 unumque
387 631 426 654 ae
441 620 547 654 solum
562 620 703 654 nominis
714 619 844 655 Iudaici
857 620 1004 654 columen
1019 624 1115 666 atque
1128 619 1324 666 praesidium
1338 620 1453 655 civium
1467 622 1571 657 omnis
1586 624 1710 660 ordinis

214 683 458 729 conspiratione
479 688 575 730 atque
595 683 776 718 concordia
793 683 835 717 ad
858 683 1092 718 defendendam
1110 684 1294 718 libertatem
1309 684 1546 729 contineretur,
1572 687 1711 733 sapienti

211 746 320 780 Esrae
335 747 476 780 consilio
492 747 675 781 institutum
691 751 755 790 est,
769 751 806 780 ut
820 751 854 781 et
867 746 1073 785 sacerdotum
1087 746 1260 792 optimates
1274 749 1308 781 et
1322 747 1502 793 sapientum
1516 759 1558 783 ex
1570 749 1710 795 plebeiis

212 809 374 856 primores
399 809 600 843 consociatis
627 810 742 856 opibus
761 810 795 844 in
816 821 913 844 unum
929 809 1069 843 validm
1088 820 1127 843 ac
1146 809 1311 844 robustum
1334 821 1453 856 corpus
1474 811 1710 849 coalescerent.

200 872 308 909 Hanc
323 877 431 907 autem
443 873 695 908 Pharisaeorum
711 885 783 907 cum
801 873 986 907 sacerdotio
1006 873 1120 907 initam
1138 872 1218 907 iuris
1240 873 1430 908 societatem
1442 886 1603 921 nunquam
1614 881 1712 923 post·-

214 937 277 971 hac
296 937 511 983 interruptam
527 937 630 972 fuisse
647 941 850 983 aetatemque
874 937 1008 980 tulisse,
1033 940 1070 970 ut
1083 936 1245 982 vergentis
1259 936 1341 971 adeo
1356 937 1398 972 ad
1417 938 1582 974 interitum
1595 941 1711 976 civita.-

213 1001 258 1035 tis
271 999 426 1035 Iudaicae
440 1001 640 1048 temporibus
656 1000 761 1036 adhuc
774 1001 909 1047 vigeret,
922 999 958 1034 id
969 1000 1074 1046 ipsum
1089 999 1187 1035 docet
1199 1003 1294 1046 atque
1308 1000 1459 1048 explanat
1469 1002 1563 1038 locus
1576 1003 1712 1052 Iosepbi

215 1065 388 1108 classicus,
411 1065 468 1098 vit.
487 1066 546 1098 39.
559 1065 615 1098 ubi
631 1068 770 1111 quatuor
781 1065 832 1098 illi
844 1076 862 1098 e
874 1063 1124 1098 Pharisaeorum
1139 1074 1270 1098 numero
1284 1064 1385 1110 legati
1397 1065 1519 1110 Anani,
1537 1065 1709 1104 Pontifieis

212 1128 264 1162 M.
275 1128 415 1174 pecunia
423 1127 576 1162 ananne
583 1127 795 1162 Gischalensi
812 1128 887 1161 data
894 1127 1039 1171 corrupti
1047 1126 1251 1170 auctoritate,
1265 1126 1385 1161 Albino
1399 1133 1611 1174 procuratore
1620 1131 1709 1166 circa

212 1203 330 1225 annum
343 1192 402 1224 62.
418 1190 469 1224 vel
486 1192 531 1224 63
547 1202 583 1236 p.
600 1190 681 1225 Chr.
696 1202 730 1224 n.
752 1190 787 1224 in
800 1189 984 1225 Galilaeam
1003 1189 1095 1222 missi
1115 1188 1158 1222 ad
1169 1188 1344 1236 Iosephum
1363 1190 1499 1237 imperio
1512 1193 1709 1238 provinciae,

212 1255 299 1301 quod
318 1254 376 1288 ille
395 1254 528 1300 publice
551 1254 615 1288 sibi
632 1254 840 1289 commissum
860 1255 1049 1298 susceperat
1063 1252 1123 1296 (B.
1138 1251 1168 1285 I.
1184 1253 1218 1295 2,
1234 1254 1291 1296 20,
1306 1255 1341 1287 4.
1354 1253 1411 1288 vit.
1430 1255 1504 1300 12.)
1519 1248 1710 1302 exuendum,

209 1319 261 1353 his
277 1318 383 1353 verbis
401 1317 647 1351 describuntur:
669 1316 782 1353 ’Ἠοαν
797 1319 837 1352 δὲ
851 1315 962 1352 αὐτῶν
976 1318 1012 1352 οἱ
1028 1317 1091 1361 μὲν
1113 1316 1348 1363 δημοτικοὶ
1370 1315 1455 1360 δύο,
1471 1315 1635 1367 Ἰωνάθης
1652 1324 1709 1357 καὶ

202 1382 380 1424 Ἀνανίας,
405 1392 506 1427 φαρι
516 1387 637 1415 σαῑοι
661 1380 723 1428 τὴν
744 1382 893 1429 αἳρεσιν,
919 1379 938 1414 ὁ
951 1381 991 1414 δὲ
1007 1380 1121 1427 τρίτος
1135 1376 1325 1428 Ἰωάζαρος,
1350 1382 1576 1429 ἱερατικοῦ
1593 1386 1709 1429 γένους

207 1452 437 1493 φαρισαῖος
457 1446 512 1478 καὶ
532 1443 650 1486 αὐτὸς·
670 1446 791 1489 Σίμων
806 1444 842 1478 δ’
861 1446 894 1484 ἐξ
909 1442 1138 1491 ἀρχιερέων
1153 1441 1318 1486 νεώτατος
1329 1446 1467 1479 ἐκείνων.
1499 1446 1587 1480 Ante
1600 1448 1708 1482 omnia

206 1508 379 1543 videndum
402 1508 441 1540 de
466 1509 675 1541 consortibus
694 1508 766 1540 eius
789 1507 966 1551 legationis
982 1506 1138 1550 singulis,
1167 1510 1203 1538 ut
1216 1506 1342 1551 quinam
1354 1508 1404 1541 illi
1419 1508 1559 1553 suerInt,
1580 1510 1705 1557 liquido

204 1576 373 1618 appareat.
421 1571 487 1605 Hic
502 1572 686 1616 principem
699 1571 875 1615 legationis
890 1570 999 1603 statim
1015 1570 1218 1613 agnoscimus
1230 1569 1455 1614 Ionatham,
1475 1577 1588 1618 utpote
1603 1574 1658 1619 qni
1672 1579 1707 1609 et

201 1636 308 1683 primo
323 1635 398 1669 loco
414 1634 566 1680 ponitur,
594 1638 629 1669 et
643 1634 773 1669 titulum
787 1633 963 1679 legationis
978 1632 1068 1666 solus
1083 1632 1222 1666 sustinet
1235 1635 1374 1681 (οἱπερὶ
1391 1633 1453 1669 τὸν
1466 1633 1632 1685 Ἰωνάθην
1646 1639 1702 1672 vit.

201 1702 261 1735 40.
278 1701 338 1734 46.
353 1700 412 1734 48.
428 1699 486 1732 53.
503 1700 561 1732 54.
577 1700 637 1733 60.
647 1700 707 1732 62.
721 1696 887 1744 Ἰωνάθης
899 1694 986 1741 μετὰ
1002 1696 1068 1730 τῶν
1080 1698 1312 1744 συμπρεςβέων
1326 1697 1371 1732 ib.
1385 1700 1444 1732 44.
1457 1700 1536 1746 49.)
1551 1704 1586 1735 et
1596 1700 1702 1738 literis
1740 1697 1743 1699 ⁵

200 1765 330 1812 publice
349 1763 464 1798 dandis
480 1775 601 1797 nomen
621 1774 713 1796 suum
728 1760 882 1808 praefigit
894 1758 1071 1803 (Ἰωνάθης
1092 1761 1148 1794 καὶ
1169 1762 1204 1794 οἱ
1221 1758 1284 1794 σὺν
1302 1758 1392 1807 αὐτῷ
1408 1766 1621 1812 πεμφθέντες
1633 1764 1703 1802 ὑπὸ

201 1830 265 1865 τῶν
276 1828 551 1877 Ἱεροσθλυμηῶν
563 1825 714 1874 Ἰωσήπῳ
735 1826 866 1873 χαίρειν
881 1824 927 1857 ib.
941 1825 1000 1857 44.
1016 1824 1089 1865 45.)
1106 1834 1145 1857 ac
1159 1824 1301 1858 vicissim
1313 1825 1442 1871 publice
1458 1827 1542 1862 datis
1555 1828 1596 1863 ad
1608 1829 1702 1875 lega-

201 1897 251 1927 tos
273 1892 464 1927 nominatim
488 1892 595 1927 salute
618 1889 806 1937 impertitur
820 1885 993 1935 (Ἰώσηπος
1004 1884 1150 1935 Ἰωνάθῃ
1168 1888 1223 1923 καὶ
1239 1894 1310 1931 τοῖς
1324 1887 1387 1925 σὺν
1404 1889 1494 1937 αὐτῷ
1514 1894 1641 1941 χαίρειν
1654 1894 1701 1928 ib.

201 1957 276 2001 44.)
292 1961 325 1991 et
338 1956 468 2003 publico
485 1960 594 1991 sumtu
608 1956 811 1989 sustentatur
823 1950 1084 1997 praesidiumque
1098 1950 1236 1987 militare
1248 1957 1480 1998 nongentorum
1493 1959 1559 1990 tum
1573 1968 1700 1991 merce-

198 2018 359 2052 uariorum
375 2022 442 2052 tum
458 2018 574 2052 civium
590 2029 701 2052 secum
718 2015 808 2050 ducit
823 2015 885 2060 (ib.
903 2016 963 2048 40.
985 2017 1152 2062 τέσσαρας
1170 2016 1339 2063 μυρίαδας
1357 2015 1516 2066 ἀργυρίου
1537 2017 1700 2056 διδόασιν

195 2080 313 2124 αὐτοῖς
333 2085 366 2116 ἐκ
386 2083 453 2118 τῶν
475 2084 651 2130 δημοσίων
669 2082 858 2129 χρημάτων.
882 2078 926 2112 Β.
941 2078 970 2111 Ι.
989 2079 1021 2120 2,
1037 2079 1094 2120 21,
1110 2080 1143 2112 7.
1158 2092 1185 2113 τ.
1208 2077 1377 2127 ἀρχόντων
1397 2083 1486 2125 τινὲς
1505 2081 1627 2132 λάθρα
1648 2084 1695 2130 τῷ
