1947 2424
765 126 1024 169 —18

242 234 325 274 σέως
335 231 453 264 καὶ-
464 225 581 275 Ἰησοῦ
594 223 938 274 ἀριστοκρατούμενοι
957 228 1138 264 διετέλουν.
1187 227 1276 264 Hinc
1288 228 1429 264 fortasse
1443 226 1656 263 ortum-duxit
1671 227 1741 263 fre·-

244 297 393 340 quentata
405 292 462 325 illa
478 292 512 324 in
527 289 573 326 N.
589 290 635 323 Τ.
655 290 832 336 appellatio
846 295 1125 338 γραμματέων
1142 294 1214 327 καὶ
1230 295 1522 341 πρεςβυτέρων
1537 291 1613 327 τοῦ
1627 292 1742 333 λαοῦ,

243 368 334 402 quam
354 355 488 389 eandem
508 365 603 399 quum
620 353 732 399 prisco
751 357 898 400 tempore
911 353 1011 389 Num.
1025 355 1094 399 XI,
1113 358 1169 391 16.
1185 356 1241 391 cll.
1255 356 1367 391 Exod.
1385 358 1440 401 18,
1456 357 1498 390 21
1518 367 1568 402 sq.
1590 354 1637 398 dei
1645 354 1742 389 lectis

241 431 261 453 a
274 419 370 453 Mose
384 417 592 463 septuaginta
605 417 720 463 populi
735 417 939 453 antistitibus
952 423 1142 466 usurpatam
1155 420 1313 463 viderent,
1338 419 1379 454 ad
1394 430 1581 455 assessores
1601 417 1744 464 synedrii

240 481 541 525 Hierosolymitani,
555 480 724 527 paulisper
736 481 906 515 immutata
919 482 1171 528 significatione,
1193 484 1435 518 transtulerunt.
1460 483 1545 517 Hinc
1561 483 1621 516 illa
1634 481 1744 515 archi-

239 544 500 590 presbyterorum
528 556 601 578 cum
622 543 814 579 Pharisaeis
836 556 875 579 ac
899 545 1047 590 synedris
1073 546 1112 580 dc
1135 547 1302 593 republica
1326 546 1574 582 consultantium
1593 546 1743 589 concilia,

239 607 347 652 qualia
369 618 605 652 saepenumero
624 608 799 641 memorari
813 620 845 641 v.
860 620 891 642 c.
904 608 980 643 Ioh.
998 612 1032 652 9,
1049 611 1107 646 22,
1126 613 1182 652 ll,
1195 611 1254 644 47.
1270 622 1368 656 supra
1380 609 1529 643 vidimus.
1577 608 1664 643 Hinc
1683 608 1742 642 de-

239 670 335 715 nique
348 673 441 705 tanta
455 670 712 706 Pharisaeorum
729 682 809 717 opes
822 671 1024 707 incrementa
1037 676 1210 719 ceperunt,
1236 676 1272 707 ut
1287 672 1493 707 sacerdotum
1508 672 1628 707 auxilio
1643 672 1744 706 adiuti

239 738 271 767 et
285 733 443 768 factionis
458 734 565 768 civilis
582 735 617 768 in
632 735 802 780 republica
816 735 877 768 vim
896 739 930 769 et
942 740 1088 770 naturam
1108 738 1196 771 nacti
1214 748 1280 770 non
1301 736 1398 769 modo
1413 735 1628 769 Pontificibus
1648 740 1743 781 atque

237 797 372 842 regibus
389 796 525 831 officere
539 802 679 843 possent
694 803 728 832 et
740 798 883 841 obstare,
910 798 969 832 sed
981 799 1045 845 ipsi
1061 800 1142 834 adeo
1157 799 1300 833 Herodis
1314 799 1365 832 Μ.
1377 798 1571 844 imperiosae
1585 809 1624 832 ac
1636 798 1744 832 dicta-

241 860 347 894 toriae
359 860 525 894 maiestati
539 864 662 894 tantam
676 861 726 894 sui
737 861 950 895 reverentiam
966 865 1148 908 tantamque
1160 861 1367 906 formidinem
1379 861 1572 904 incuterent,
1586 864 1623 894 ut
1636 860 1745 895 multis

242 934 355 956 eorum
378 923 525 958 adversis
547 924 655 969 ipsum
676 925 814 970 patratis
834 924 1035 958 facinoribus
1050 925 1268 971 indulgentius
1285 924 1487 969 ignosceret,
1513 923 1553 957 ab
1573 923 1745 958 atrocitate

240 987 277 1020 iu
300 985 468 1033 puniendo
493 987 557 1020 sibi
579 991 775 1033 temperaret
795 998 833 1020 ac
857 987 908 1020 vix
929 988 1101 1033 aliquoties
1118 989 1245 1034 gravius
1258 988 1292 1021 in
1309 998 1367 1021 eos
1387 986 1588 1021 decerneret.
1638 985 1744 1021 Teste

243 1049 390 1096 Iosepho
404 1050 536 1093 utimur,
553 1050 608 1095 qui
622 1062 687 1084 non
702 1051 806 1084 solum
814 1051 906 1084 Antt.
919 1054 974 1094 17,
990 1052 1023 1094 2,
1037 1053 1071 1085 4.
1085 1052 1191 1098 palam
1205 1051 1296 1095 dicit,
1309 1051 1512 1099 φαρισαίους
1523 1050 1744 1095 βασιλεῦσι

235 1115 458 1159 ,δυναμένους
470 1112 621 1159 μάλιστα
638 1112 660 1149 ά
670 1128 689 1148 ν
697 1127 734 1149 τι
742 1112 824 1161 πρά
833 1127 854 1149 o
863 1127 926 1149 σει
934 1127 963 1156 ν,
978 1114 1036 1148 sed
1050 1115 1146 1149 etiam
1158 1114 1376 1161 exemplorum
1387 1113 1516 1160 copiam
1531 1112 1650 1148 dictum
1661 1113 1743 1148 illud

243 1177 478 1211 illustrantium
509 1178 711 1223 suppeditat.
759 1177 912 1211 Ioannem
930 1177 1113 1222 Hyrcanum
1140 1179 1224 1212 enim
1243 1190 1354 1224 regem
1375 1189 1414 1212 ac
1436 1176 1631 1211 Pontificem
1655 1176 1742 1221 (135

244 1259 293 1265 —-
313 1241 381 1274 107
397 1251 429 1273 a.
445 1239 486 1274 C.
499 1240 553 1286 n.)
568 1245 602 1275 et
618 1240 810 1286 disciplinae
831 1240 975 1287 ipsorum
989 1241 1147 1275 alumnum
1168 1242 1308 1287 itemque
1322 1240 1498 1275 Iannaeum
1512 1239 1744 1283 Alexandrum,

246 1314 475 1336 successorem
502 1304 573 1337 eius
598 1304 687 1348 (105
711 1323 761 1328 -
782 1306 827 1337 79
846 1315 877 1337 a.
892 1303 932 1337 C.
954 1305 1006 1349 n.)
1025 1304 1223 1338 Pontificatu
1242 1304 1394 1349 indignos
1415 1303 1578 1346 iudicant,
1600 1302 1744 1336 Iannaeo

244 1366 328 1401 adeo
349 1366 478 1410 infesti,
506 1371 542 1401 ut
558 1367 644 1401 stola
664 1371 810 1400 ornatum
826 1366 1013 1409 Pontificia,
1039 1366 1111 1400 dum
1126 1367 1261 1401 adstans
1276 1367 1370 1401 altari
1382 1366 1416 1401 in
1428 1351 1506 1401 festi
1518 1366 1746 1400 tabernaculo-

242 1441 314 1463 rum
329 1430 539 1464 solemnitate
555 1430 659 1463 sacris
675 1434 875 1475 operaretur,
903 1430 995 1463 malis
1010 1430 1121 1464 citreis
1136 1430 1329 1476 impeterent
1342 1430 1494 1475 belloque
1512 1429 1597 1462 civili
1609 1429 1743 1463 incenso

243 1504 316 1527 eum
339 1497 487 1527 evertere
503 1497 699 1527 conarentur
715 1492 826 1537 (Antt.
849 1494 903 1535 13,
924 1494 979 1536 10,
994 1494 1029 1526 6.
1053 1495 1108 1536 13,
1125 1494 1158 1527 5.
1183 1495 1238 1536 14,
1258 1494 1291 1527 2.
1316 1495 1371 1536 16,
1389 1493 1453 1538 2.).
1501 1491 1683 1537 Hyrcanum
1695 1492 1744 1527 II.

241 1555 439 1590 Pontificem
468 1557 646 1602 instigant,
681 1560 716 1590 ut
736 1555 903 1589 Herodem
925 1555 974 1589 M.
996 1556 1142 1598 iuvenem
1162 1556 1289 1590 actione
1312 1555 1443 1602 capitali
1464 1567 1573 1590 coram
1594 1556 1744 1601 synedrio

240 1620 461 1653 insectaretur
483 1620 546 1664 (ib.
575 1621 631 1663 14,
656 1621 691 1662 9,
716 1620 774 1665 3);
809 1618 945 1652 eundem
971 1623 1004 1653 et
1025 1618 1218 1653 Phasaelum
1237 1619 1370 1654 fratrem
1393 1618 1479 1666 apud
1497 1618 1547 1653 Μ.
1566 1618 1744 1654 Antonium

242 1684 443 1718 triumvirum
459 1686 673 1717 accusaturus
687 1683 721 1716 in
736 1682 921 1726 Bithyniam
938 1682 1066 1726 legatos
1081 1682 1210 1716 mittunt
1224 1682 1287 1727 (ib.
1307 1683 1363 1726 12,
1379 1684 1414 1717 2.
1431 1682 1475 1717 cf.
1491 1685 1526 1726 9,
1544 1684 1580 1716 3.
1594 1682 1672 1716 coll.
1690 1683 1742 1729 5);

239 1746 410 1781 Herodem
427 1747 479 1781 M.
502 1751 626 1781 tantum
647 1746 752 1779 abfuit
771 1749 807 1779 ut
828 1755 938 1789 regem
958 1749 1174 1789 agnoscerent
1181 1769 1193 1788 ,
1218 1744 1280 1789 (ib.
1300 1745 1356 1788 15,
1377 1748 1409 1779 1.
1424 1746 1464 1790 2)
1478 1749 1515 1779 ut
1533 1746 1744 1780 iuramentum

239 1809 318 1845 fidei
340 1811 371 1845 ei
386 1822 427 1845 ac
441 1810 579 1846 Caesari
592 1808 813 1856 praestandae
838 1807 1058 1842 detrectarent
1077 1808 1141 1853 (ib.
1161 1810 1216 1850 17,
1230 1809 1264 1851 2,
1279 1808 1339 1853 4);
1370 1807 1571 1854 proditorem
1591 1810 1743 1844 coniura-

240 1872 340 1908 tionis
363 1873 520 1909 adversus
537 1873 676 1908 eundem
690 1883 802 1918 regem
816 1870 925 1906 factae
940 1870 1139 1906 membratim
1152 1870 1259 1917 palam
1278 1870 1465 1918 discerpunt
1481 1875 1514 1906 et
1529 1875 1635 1907 tamen
1649 1884 1742 1907 nemo

243 1938 337 1972 testis
359 1938 518 1973 facinoris
538 1937 679 1984 reperiri
699 1936 809 1983 potuit
826 1936 890 1981 (ib.
908 1936 964 1979 15,
980 1936 1015 1978 8,
1031 1935 1090 1980 4);
1115 1934 1202 1968 idem
1219 1933 1292 1968 dum
1304 1934 1438 1969 animam
1454 1940 1567 1981 ageret
1578 1936 1743 1971 moribun-

245 1997 302 2032 dus
310 2024 323 2043 ,
362 2000 556 2048 direptionis
578 2000 708 2047 aquilae
733 2010 852 2034 aureae
876 1998 916 2032 de
930 2002 1026 2045 porta
1038 1997 1151 2044 templi
1168 2008 1228 2044 per
1240 1997 1384 2044 ipsorum
1398 1997 1576 2045 discipulos
1590 2002 1743 2034 auctores

244 2065 337 2107 atque
360 2064 527 2099 adiutores
549 2069 624 2099 sunt
647 2064 711 2110 (ib.
734 2066 790 2107 17,
809 2065 844 2106 6,
862 2064 897 2097 4.
919 2062 965 2097 cf.
984 2064 1017 2105 2,
1036 2063 1071 2104 4,
1090 2062 1148 2107 2),
1180 2073 1220 2096 eo
1241 2064 1345 2096 autem
1364 2067 1491 2097 mortuo
1512 2062 1642 2098 Ioazari
1665 2063 1741 2096 loco

243 2123 341 2158 alium
354 2125 547 2162 Pontificem
561 2127 646 2173 legis
661 2126 919 2162 observatiorem
935 2129 1031 2171 atque
1049 2124 1286 2171 religiosiorem
1301 2124 1408 2159 suffici
1423 2125 1590 2171 postulant
1604 2125 1666 2170 (ib.
1686 2126 1742 2168 17,
