1947 2424
740 118 886 163 —'
933 133 1011 176 2⁸

224 240 259 275 in
274 237 392 274 ceteris
406 236 503 271 rebus
519 234 667 270 omnibus
678 233 794 281 populi
807 234 1077 270 consuetudinem
1090 240 1237 272 secutum
1251 236 1288 272 id
1301 236 1395 272 unice
1411 236 1540 283 egisse,
1561 241 1598 273 ut
1611 237 1691 273 nihil
1705 250 1726 273 a

225 301 432 351 popularibus
459 299 590 334 differre
614 298 877 343 existimaretur,
909 300 975 334 nisi
995 300 1084 347 quod
1106 302 1269 337 communi
1288 313 1398 338 eorum
1418 301 1515 336 saluti
1535 302 1730 349 prospicere

223 366 384 400 videretur
395 364 509 410 (Antt.
522 365 557 407 3,
575 363 610 407 8,
625 363 686 409 8);
715 362 776 397 sed
789 362 1065 410 phylacteriorum
1078 365 1251 401 latitudine
1266 370 1301 401 et
1316 365 1510 400 fimbriarum
1525 377 1566 400 ex
1581 377 1640 400 ora
1653 367 1729 413 pal-

145 455 148 460 ,
221 430 258 464 lii
279 427 528 475 dependentium
547 426 771 473 magnitudine
792 426 932 473 (Matth.
955 430 1013 473 23,
1035 429 1074 476 5)
1098 430 1268 477 conspicui
1290 429 1437 471 fuerunt3
1461 428 1602 464 Rabbini
1621 433 1729 464 autem

219 497 350 540 praeter
368 503 487 525 nomen
508 492 675 536 solemne,
702 492 849 526 fortasse
864 494 963 527 etiam
976 494 1092 527 baculo
1106 494 1218 528 Exod.
1234 497 1270 539 4,
1285 497 1320 528 2.
1337 497 1394 538 17,
1409 497 1444 538 9,
1470 495 1551 528 clavi
1564 491 1728 539 (01⁹.an-

219 556 286 600 XI,
303 556 380 602 52.)
403 559 438 590 et
453 555 573 590 annulo
591 555 753 601 insignes.

313 619 446 654 Deinde
469 620 729 666 magistratu
739 631 756 653 s
778 623 812 653 et
825 620 991 654 antistites
1013 621 1192 655 habuerunt
1208 626 1304 667 atque
1327 633 1345 655 c
1356 634 1374 656 o
1382 634 1429 655 nv
1437 633 1455 656 e
1464 626 1534 656 utu
1542 633 1558 655 s
1583 626 1727 667 egerunt.

217 682 266 717 Et
281 683 494 730 magistratus
510 683 641 729 quidem
655 694 768 718 eorum
783 694 859 717 mox
876 685 918 718 οἱ
937 684 1100 731 πρῶτοι
1120 685 1186 720 τῶν
1207 686 1395 733 φαρισαίων
1408 685 1613 731 appellantur
1627 685 1683 719 vit.
1696 685 1730 719 5.

218 750 252 782 οἱ
273 745 579 795 πρωτεύοντες
599 746 715 782 αὐτῶν
732 747 828 781 Antt.
855 748 910 789 13,
934 746 989 789 15,
1013 747 1048 781 5.
1069 759 1145 781 mox
1166 749 1233 783 τῶν
1252 748 1441 795 φαρισαίων
1463 750 1499 782 οἱ
1520 747 1731 796 γνώριμοι

217 811 261 845 Β.
275 810 306 845 I.
326 813 361 855 2,
381 812 439 854 17,
455 812 491 845 3.
513 823 590 845 mox
611 814 647 847 οἱ
668 809 874 859 ἄρχοντες
895 810 962 845 τῶν
983 823 1097 859 φαρισ.
1117 810 1206 845 Luc.
1220 813 1276 855 14,
1295 814 1327 845 l.
1349 808 1529 857 ἡγούμενοι
1543 809 1655 846 Sirac-
1670 813 1730 847 35.

219 874 411 909 Conventus
431 878 540 908 autem
561 875 698 909 eosdem
716 874 825 919 egisse
840 873 985 907 videmus
998 886 1064 908 non
1079 875 1184 909 solum
1197 878 1333 920 urgente
1351 878 1499 921 tempore
1516 878 1551 908 et
1564 878 1657 908 extra
1672 887 1731 908 or·

220 938 330 973 dinem
344 938 396 973 vel
407 938 444 973 in
457 938 591 985 publico
607 938 701 973 Antt.
721 939 777 981 19,
797 938 830 980 7,
846 938 881 971 4.
896 937 946 971 vel
957 937 992 971 in
1005 938 1126 985 templo
1140 938 1183 972 Β.
1197 938 1228 973 Ι.
1244 941 1279 983 2,
1298 942 1330 983 1,
1346 940 1380 973 3.
1395 938 1451 972 cll.
1464 937 1559 972 Antt.
1576 939 1632 982 17,
1647 939 1682 982 9,
1697 941 1730 973 1.

219 1003 272 1038 vel
292 1003 446 1050 privatim
464 1002 530 1036 soli
550 1014 621 1036 cum
643 1001 723 1035 solis
744 999 861 1045 (Mtth.
879 1001 937 1043 22,
952 1002 1011 1044 34,
1026 1001 1118 1047 41.),
1139 1001 1198 1035 sed
1212 1002 1309 1036 etiam
1325 1005 1501 1036 conventus
1517 1005 1622 1036 statos
1636 1006 1732 1048 atque

222 1054 402 1109 solemnes,
418 1070 485 1100 tum
498 1064 738 1109 Hierosolymis
749 1064 782 1097 in
793 1062 912 1108 templo
928 1062 1033 1107 (Luc.
1042 1065 1076 1107 2,
1085 1066 1177 1110 46.),
1192 1069 1257 1100 tum
1269 1077 1329 1112 per
1342 1065 1526 1112 provincias
1538 1065 1573 1098 in
1586 1065 1732 1099 conclavi

222 1141 410 1176 synagogae
426 1129 601 1176 contiguo,
626 1128 679 1163 cui
697 1125 833 1175 ἀνδρῶν
848 1137 965 1161 nomen
979 1126 1054 1172 ruit,
1076 1128 1159 1172 650,
1177 1131 1234 1163 11.
1254 1128 1353 1164 Num.
1368 1128 1435 1173 XI,
1456 1128 1511 1163 16.
1530 1125 1571 1164 τὸ
1584 1142 1612 1164 τ.
1627 1129 1732 1177 φίλων

222 1195 464 1241 συνέδριον
483 1192 549 1226 vid.
572 1192 667 1227 Antt.
692 1193 749 1235 16,
769 1193 804 1234 6,
828 1191 863 1224 2.
885 1195 983 1241 ω’ῃῑζ
1004 1199 1067 1237 ηυξ
1088 1204 1118 1225 v·
1138 1191 1327 1237 Lightroot.
1351 1204 1429 1239 opp.
1454 1191 1535 1227 Vol.
1558 1193 1593 1225 2.
1613 1204 1648 1238 p.
1670 1193 1730 1226 83.

222 1258 284 1291 Na
293 1257 381 1291 chti
388 1256 479 1301 yall
492 1255 546 1289 ab.
561 1256 592 1290 d.
608 1254 911 1298 Versammlunqen
925 1255 955 1288 d.
968 1255 1104 1290 Weisen
1116 1265 1149 1288 u.
1163 1255 1317 1289 Eichho
1326 1266 1387 1297 νη,
1400 1255 1487 1289 Bibl.
1503 1257 1538 1298 9,
1556 1256 1638 1289 386.
1648 1257 1730 1289 396.

222 1321 312 1355 Har
320 1323 335 1353 t
343 1330 378 1353 m
386 1319 473 1353 a‘nn
485 1331 520 1365 p.
535 1320 619 1353 384.
647 1317 773 1361 Quodsi
787 1317 906 1362 gradus
922 1317 1087 1362 dignitatis
1099 1318 1187 1351 inter
1195 1329 1253 1352 eos
1268 1319 1397 1353 fuerunt
1407 1322 1646 1363 conventusque
1657 1320 1733 1352 stati

222 1395 263 1418 ac
277 1383 458 1425 solemnes,
471 1393 555 1427 quae
567 1381 784 1415 luculentiora
799 1379 984 1414 sodalitatis
997 1380 1125 1426 legibus
1140 1392 1179 1414 ac
1191 1381 1334 1415 moribus
1348 1381 1517 1416 ordinatae
1530 1381 1667 1427 vestigia
1677 1392 1733 1415 re-

223 1446 310 1492 quiri
326 1448 467 1492 queant,
486 1456 552 1478 non
568 1448 681 1490 potest
695 1443 849 1488 intelligi.

323 1509 413 1544 Tum
431 1509 548 1555 vulgi
570 1513 692 1543 tantam
715 1518 795 1555 prae
817 1518 853 1542 se
875 1507 1018 1542 tulerunt
1039 1506 1380 1554 despicientiam,
1405 1513 1519 1544 utnon
1538 1508 1634 1543 modo
1650 1521 1733 1544 con-

223 1585 380 1608 suescere
401 1585 475 1608 cmn
491 1573 709 1620 portitoribus
732 1572 872 1617 aliisque
891 1570 926 1604 id
946 1582 1048 1616 genus
1068 1571 1249 1606 bominibus
1271 1572 1519 1619 dedignarentur
1536 1573 1635 1619 idque
1655 1573 1732 1608 Iesu

224 1637 464 1685 exprobrarent
485 1636 604 1683 (Mtth.
621 1638 656 1680 9,
676 1639 733 1670 11.
755 1634 823 1679 XI,
846 1636 901 1668 19.
924 1633 1011 1668 Luc.
1033 1635 1089 1678 18,
1109 1635 1201 1681 11.),
1223 1635 1283 1671 sed
1300 1636 1412 1683 vulgus
1435 1636 1532 1671 etiam
1552 1636 1732 1672 subtilioris

223 1702 310 1747 legis
332 1701 472 1735 scientia
492 1700 684 1735 destitutum
705 1698 889 1733 execrabile
909 1697 1093 1732 iudicarent
1111 1691 1201 1743 (1011.
1219 1701 1252 1742 7,
1268 1700 1352 1744 49),
1382 1700 1500 1746 quippe
1521 1704 1587 1734 tum
1607 1701 1730 1746 pietate

225 1775 306 1811 erga.
315 1763 427 1799 Deum
440 1775 479 1798 ac
492 1761 675 1800 sublimiori
690 1760 827 1808 quadam
842 1760 971 1803 virtute,
985 1763 1052 1793 tum
1063 1760 1223 1807 sapientia
1233 1772 1312 1807 prae
1322 1761 1397 1795 istis
1411 1762 1474 1796 sibi
1484 1762 1546 1796 visi
1559 1762 1731 1798 excellere.

224 1827 313 1862 Luc.
327 1828 386 1871 18,
403 1829 447 1869 93
466 1827 510 1861 B.
526 1826 557 1860 1.
577 1829 610 1869 l,
627 1826 662 1869 5,
680 1827 715 1859 2.
730 1831 907 1873 φαριοαῑοι
921 1822 1099 1869 σύνταγμά
1115 1823 1339 1860 τιἸυυδαίων
1351 1827 1478 1861 δοκοῦν
1492 1825 1733 1871 εὐσεβέστε-

227 1905 300 1941 ρον
316 1892 405 1927 εἶναι
422 1904 449 1927 τ.
466 1888 578 1926 ἄλλων
590 1890 648 1925 καὶ
662 1901 689 1924 τ.
710 1886 873 1935 νόμους
890 1885 1199 1936 ἀκριβέστερον
1217 1885 1490 1936 ἀφηγεῖσθαι.
1537 1888 1577 1924 In
1592 1901 1654 1936 quo
1671 1892 1734 1926 etsi

227 1955 401 1990 Platonem
416 1953 521 2001 (Rep.
537 1956 573 1988 6.
588 1955 674 1997 494,
690 1953 759 1998 3.),
782 1950 919 1987 Stoicos
934 1950 1145 1996 (Cleanthem
1160 1962 1214 1998 ap.
1231 1950 1399 1987 Glem.Al.
1419 1951 1542 1988 Strom.
1560 1955 1595 1988 5.
1611 1956 1693 1998 554,
1715 1966 1735 1989 a

233 2016 344 2065 sylb.)
368 2022 403 2053 et
420 2017 595 2053 Philonem
621 2015 868 2051 consentientes
894 2014 1067 2058 haberent,
1103 2014 1180 2061 quid
1202 2025 1322 2061 quaeso
1342 2015 1424 2051 illud
1446 2016 1610 2064 significat
1633 2016 1733 2061 aliud,

237 2093 329 2127 quam
350 2081 606 2117 lerisaeorum
630 2084 780 2124 coetum,
806 2079 941 2114 exclusa
954 2078 1069 2126 plebe,
1091 2078 1260 2126 privilegio
1275 2080 1454 2128 sapientiae
1469 2092 1508 2115 ac
1521 2081 1649 2116 virtutis
1663 2091 1736 2115 ma-

238 2147 360 2178 ctatum
371 2144 487 2190 fuisse,
509 2155 572 2180 nec
585 2144 735 2190 potuisse
750 2143 848 2178 aliter
856 2142 938 2177 illud
952 2153 1023 2176 cum
1038 2143 1110 2176 aliis
1126 2144 1364 2188 communicari,
1386 2155 1479 2190 quam
1492 2143 1652 2191 quomodo
1668 2144 1733 2190 ipsi
