1947 2424
236 273 334 298 τατο
345 274 365 297 ν
381 261 464 305 372,
478 263 537 296 46.
553 261 619 296 Ex.
639 264 674 306 9,
687 263 749 297 29.
767 261 960 306 aemulatos,
982 258 1089 311 πλήρη
1104 259 1169 310 τὴν
1183 259 1392 310 ὅληνηωχὴν
1418 261 1743 312 εἰλικρινεστά-

235 340 316 362 των
351 327 423 362 καὶ
457 324 784 375 καθαρωτάτων
816 324 1045 372 δογμάτων
1078 329 1280 372 γενομένους
1314 327 1397 369 668,
1431 328 1492 361 43.
1518 326 1606 362 Lev.
1632 329 1667 371 2,
1697 329 1741 369 2;

235 388 405 424 Pharisaei
434 389 514 423 item
537 389 645 434 legum
670 393 703 423 et
723 388 932 423 traditionum
959 389 1017 424 fidi
1042 388 1199 423 custodes
1226 393 1322 436 atque
1350 388 1598 436 dispensatores
1624 390 1740 438 optimi

234 454 291 489 καὶ
308 450 451 500 νόμων
471 450 533 496 οὓς
553 451 573 488 ὁ
585 451 722 502 πατὴρ,
733 451 753 489 ὁ
774 451 887 502 ὀρθὸς
901 451 1000 499 λίγος
1016 455 1159 501 ἔθηκεν,
1181 451 1315 502 ἄριστοι
1330 451 1474 502 φύλακες
1486 455 1543 490 καὶ
1557 455 1677 490 εἶθ-ῶν
1690 475 1741 481 -

234 516 444 552 traditionum
457 536 506 541 —
519 518 633 553 πιστοὶ
647 518 777 564 ταμίαι,
796 516 884 566 ἅπερ
898 515 918 565 ἡ
932 517 1082 559 παιδεία,
1101 514 1213 565 μήτηρ
1231 514 1352 560 αὐτῶν,
1370 515 1575 566 εἰςηγὴσατο.
1600 519 1686 564 369,
1703 522 1736 554 1.

236 580 280 616 cf.
296 581 380 624 695,
403 583 420 614 1
441 592 511 626 sq.,
535 580 629 616 Antt.
653 583 708 626 16,
731 582 766 625 2,
785 583 821 616 4.
839 594 874 628 p.
897 582 979 616 788.
1002 581 1088 616 med.
1109 581 1162 616 ed.
1182 581 1267 616 Hav.
1316 581 1418 627 Atqui
1439 581 1651 617 traditionum
1674 593 1736 630 per

236 644 462 679 successiones
493 645 685 691 propagatio
719 645 944 690 asceticacque
979 644 1171 691 disciplinae
1205 644 1386 691 principia,
1424 642 1536 690 leges,
1567 646 1732 691 instituta,

237 708 476 751 ordinationes,
502 712 589 742 artes
608 712 663 743 aut
679 707 831 771 fortfnae
850 707 1024 742 temeritati
1040 712 1274 743 et‘eventorum
1287 707 1563 743 vicissitudinibus
1579 710 1733 745 commit-

237 770 355 805 tendae
376 775 467 815 sunt,
491 775 545 806 aut
563 772 744 806 consistere
760 782 798 805 ac
814 771 928 805 durare
949 776 1128 817 nequeunt,
1149 771 1214 805 nisi
1233 771 1417 806 mortalium
1433 771 1567 806 arbitrio
1582 776 1730 807 exemtae

235 834 470 881 perennitatem
496 835 647 881 collegii,
679 835 770 869 cuins
800 835 915 868 damna
938 845 998 879 per
1025 835 1266 881 cooptationem
1287 835 1516 880 suppleantur,
1546 835 1730 881 perfugium

235 902 424 943 portumque
441 898 672 932 incolumitatis
691 901 806 931 nactae
823 896 955 931 suerint.
1006 895 1101 940 Quod
1120 897 1150 930 si
1161 895 1411 931 Pharisaeorum
1425 901 1499 932 ,tum
1520 897 1728 942 traditiones,

235 943 303 995 tuin
325 961 488 995 asceticae
508 964 595 995 artes
614 964 752 995 aetatem
772 960 930 1004 tulerunt,
955 960 1012 994 ita'
1024 958 1170 1005 quidem,
1199 963 1235 994 ut
1254 972 1320 994 non
1344 960 1450 995 solum
1470 961 1609 996 florente
1623 961 1729 997 adhuc

235 1027 322 1058 statu
344 1023 482 1058 civitatis
510 1036 550 1058 ex
571 1024 747 1058 abolitione
774 1035 834 1070 per
851 1023 1025 1057 Iannaeum
1045 1022 1264 1057 Alexandrum
1286 1023 1374 1057 facta
1397 1028 1473 1069 post
1491 1028 1629 1059 mortem
1656 1025 1727 1059 eius

237 1088 295 1123 sub
314 1087 502 1127 Alexandra
524 1087 637 1134 regina
655 1091 822 1122 recreatae
840 1087 1069 1122 reviviscerent
1090 1086 1202 1131 (Antt.
1222 1088 1278 1131 13,
1300 1088 1357 1131 16,
1380 1089 1400 1121 2
1421 1088 1477 1122 cll.
1496 1089 1552 1132 10,
1571 1089 1643 1135 6.),
1667 1089 1728 1124 sed

235 1156 272 1185 ut
290 1155 368 1197 post
379 1151 677 1195 Hierosolymorum
698 1150 780 1184 adeo
803 1150 962 1183 excidium
977 1149 1138 1196 Iosephus
1157 1149 1281 1194 legibus
1303 1154 1338 1184 et
1356 1150 1514 1186 institutis
1527 1150 1724 1186 Indaeorum

236 1214 470 1260 perennitatem
485 1213 644 1260 spondere
659 1213 792 1247 auderet
810 1213 858 1257 (c.
873 1212 995 1258 Apion.
1012 1216 1044 1256 l,
1058 1214 1092 1255 6,
1107 1216 1189 1246 extr.
1199 1214 1233 1255 2,
1241 1214 1331 1258 38.),
1345 1217 1401 1247 ant
1419 1224 1469 1247 me
1487 1214 1594 1248 omnia
1606 1214 1724 1249 fallunt

234 1281 289 1311 aut
303 1280 454 1322 apparet,
477 1275 672 1310 Pharisaeos
688 1275 832 1309 sodalitii
847 1275 972 1309 vinculo
986 1286 1088 1308 nexos
1103 1278 1198 1320 atque
1216 1275 1386 1321 copulatos
1406 1275 1522 1310 fuisse.

330 1339 377 1374 At
389 1342 522 1385 quaerat
536 1338 670 1385 aliquis,
693 1338 925 1385 quibusnam
945 1337 1077 1384 signis
1101 1337 1465 1384 adspectabilibus
1488 1344 1528 1374 et
1545 1340 1721 1376 indiciis

237 1403 424 1438 externis
446 1402 764 1436 Pharisaeorum
786 1401 1028 1435 sodalitium
1050 1399 1346 1446 dignoscatur?
1370 1401 1582 1448 Respondeo,
1598 1407 1721 1439 tantum

235 1468 371 1510 abesse,
395 1470 432 1500 ut
450 1464 632 1499 huiusmodi
647 1465 738 1510 signa
752 1468 785 1498 et
800 1464 921 1498 indicia
935 1464 1029 1510 plane
1047 1463 1170 1507 desint,
1191 1467 1228 1498 ut
1243 1475 1283 1498 ea
1294 1463 1381 1498 velut
1394 1464 1578 1499 triariorum
1592 1466 1669 1501 loco
1687 1468 1723 1502 in

235 1530 333 1565 tertia
352 1529 423 1563 acie
445 1528 623 1571 collocata,
647 1527 888 1574 propugnaculo
910 1538 949 1561 ac
966 1525 1122 1573 praefidio
1140 1526 1260 1561 ceteris
1273 1527 1471 1573 argumentis
1486 1539 1560 1563 esse
1577 1530 1720 1576 possint.

232 1594 281 1629 Ut
292 1593 376 1629 enim
388 1597 523 1636 taceam,
548 1603 636 1626 num
644 1603 749 1625 erum
764 1603 873 1625 eorum
888 1602 907 1624 a
920 1590 1062 1637 Iosepho
1076 1589 1220 1624 exhiberi
1233 1602 1292 1624 sex
1304 1590 1438 1624 millium
1454 1592 1591 1638 amplius
1609 1594 1721 1639 (Antt.

237 1660 295 1702 17,
309 1659 344 1702 2,
359 1659 395 1692 4.
414 1656 457 1690 cs.
476 1658 532 1699 13,
551 1656 606 1698 14,
621 1656 654 1695 2.
677 1655 697 1687 2
711 1654 819 1688 Mace.
836 1655 870 1697 8,
889 1654 944 1695 16,
962 1652 1047 1686 sicut
1058 1652 1144 1687 idem
1159 1653 1300 1699 scriptor
1316 1653 1428 1699 viginti
1445 1654 1550 1689 millia
1561 1656 1720 1692 sacerdo·-

234 1727 301 1757 tum
320 1719 497 1756 numeravit
515 1730 545 1754 c.
568 1718 633 1765 Ap.
656 1719 689 1761 2,
710 1718 769 1763 8),
801 1716 886 1763 quod
905 1715 976 1750 fieri
1000 1715 1129 1750 omnino
1148 1714 1401 1763 non‘potnerat,
1434 1718 1465 1752 si
1483 1718 1532 1753 vis
1553 1724 1588 1754 et
1605 1725 1721 1755 natura

229 1781 483 1819 huisaeorum
495 1783 530 1816 in
543 1782 638 1816 animi
652 1781 812 1815 sententia
824 1784 956 1826 pectore
969 1779 1095 1812 inclusa
1105 1779 1273 1813 latuisset:
1292 1779 1363 1824 quis
1376 1780 1462 1814 enim
1475 1792 1613 1827 unquam
1626 1783 1718 1817 Aca.

235 1847 448 1890 demicorum,
472 1845 778 1892 Peripateticorum,
803 1841 990 1877 Stoicorum
1008 1841 1243 1876 multitudinem
1258 1846 1443 1888 computare
1458 1855 1556 1880 ausus
1573 1843 1650 1880 est?
1682 1851 1720 1882 ut

235 1911 398 1954 omittam,
422 1910 457 1944 in
473 1909 646 1954 evangeliis
659 1907 704 1942 N.
719 1907 764 1941 T.
779 1906 992 1948 Pharisaeos,
1013 1905 1140 1950 quoties
1156 1916 1229 1938 cum
1242 1904 1320 1938 Iesu
1335 1907 1626 1952 congrederentur,
1649 1910 1720 1944 sinc

233 1974 299 2009 ulla
313 1972 528 2008 haesitatione
541 1982 669 2018 semper
681 1969 832 2017 agnosci3
853 1968 1075 2005 noscebantur(
1082 1966 1252 2002 Pharisaei
1264 1968 1400 2014 primum
1416 1970 1599 2006 vestitus
1618 1984 1720 2007 orna-

234 2037 350 2074 mentis
362 2034 591 2084 peculiaribus,
609 2046 675 2074 non
687 2045 756 2082 quo*
765 2033 821 2067 ille
835 2031 878 2066 ad
891 2035 1055 2066 externam
1071 2030 1214 2076 speciem
1226 2035 1260 2065 et
1271 2030 1408 2065 formam
1423 2044 1444 2066 a
1456 2035 1617 2069 communi
1628 2047 1720 2071 more

238 2106 273 2138 et
291 2098 524 2136 consuetudine
542 2096 608 2132 ullo
629 2096 726 2131 modo
748 2094 996 2142 discrepaverit;
1022 2093 1129 2128 Mosis
1146 2094 1230 2129 enim
1243 2094 1423 2141 discipulos
1440 2097 1589 2144 magistri
1604 2109 1720 2134 exem.

83 2208 119 2246 N
230 2167 319 2214 plum
333 2163 486 2202 aemulari
503 2161 629 2213 decuit,
654 2150 747 2207 quem
761 2158 920 2206 Iosephus
934 2162 1044 2193 narrat
1057 2158 1174 2205 privati
1190 2158 1329 2194 hominis
1349 2159 1460 2196 habitu
1477 2166 1666 2199 contentum
1687 2169 1720 2199 et

1331 2222 1363 2257 D
