1947 2424
757 132 1028 177 —nv

239 232 331 268 a'ditu
345 233 621 269 interdicebantur
632 232 916 279 (ἀποσυνάγωγον
934 239 1044 270 ποιεῖν
1059 232 1186 276 Iole-9,
1203 234 1260 267 22.
1280 234 1335 276 12,
1352 234 1412 267 42.
1431 233 1487 276 16,
1504 232 1570 278 2.),
1589 230 1642 266 vel
1659 229 1750 265 Pan·

238 297 309 331 lina
330 297 458 332 dicendi
478 298 731 341 consuetudine,
755 298 789 332 in
814 302 1012 345 potestatem
1032 296 1178 332 Satanae
1204 297 1415 331 tradebantur
1441 296 1680 344 (παραδοῦναι
1702 296 1750 341 τῷ

240 362 382 408 Σατανᾷ
399 364 416 396 1
435 360 531 397 Gorr.
547 361 581 405 5,
597 362 662 409 5.).
709 361 824 409 Itaque
837 374 903 397 nou
918 362 1043 405 mirum,
1055 360 1086 396 si
1102 358 1253 406 εὐσέβεια
1268 372 1328 408 per
1339 360 1575 408 praestantiam
1590 359 1749 407 pietatem

240 424 462 459 Pharisaieam
483 425 617 471 perinde
639 425 827 471 designaret
847 426 921 471 (vit.
943 428 1002 460 39.
1025 425 1119 460 Antt.
1145 426 1200 467 17,
1221 427 1256 468 6,
1274 425 1339 470 2.),
1370 425 1456 459 sicut
1475 425 1510 459 in
1531 424 1642 459 medio
1667 434 1748 457 aevo

239 488 358 536 religio
387 492 422 525 et
456 489 521 525 vita
554 489 733 525 monastica
769 490 834 526 una
864 489 1040 538 eademque
1074 488 1241 525 notionem
1271 492 1503 537 expresserunt
1529 486 1747 536 (Schroeckli

239 553 389 598 ngsch.
409 556 465 597 16,
481 556 562 588 210.
577 555 692 599 431.).
744 554 835 597 Quae
856 555 989 589 sirecte
1007 555 1171 600 disputata
1183 552 1279 600 2sunt,
1304 553 1445 587 efficitur
1459 554 1596 600 opinor,
1622 552 1746 586 Phari-

241 626 338 651 saeos
356 619 411 651 aut
425 615 556 663 collegii
575 615 780 652 sacerdotum
793 621 965 653 consortes
987 617 1091 652 fuisse
1110 615 1310 661 censendos,
1333 620 1389 651 aut
1410 628 1471 664 per
1490 628 1527 652 se
1548 616 1644 652 unius
1663 627 1744 650 eor·

239 680 333 725 poris
351 692 506 726 compage
519 692 635 715 nexos.

333 742 480 777 Alterum
502 746 720 789 argumentum
747 756 808 791 pro
832 745 1008 780 asserendo
1028 744 1279 780 Pharisaeorum
1303 743 1458 778 sodalitio
1488 755 1508 777 a
1532 742 1740 778 traditio-

240 818 339 849 num,
365 818 443 852 quas
459 811 594 850 vocant,
619 819 664 853 pr
674 819 750 853 opa
756 820 779 853 g
788 820 834 842 an
844 808 980 843 darum
995 809 1047 842 via
1058 819 1097 842 ae
1110 808 1239 843 ratione
1254 807 1392 842 ducitur.
1432 807 1631 848 Pharisaeos
1647 818 1741 841 nam-

239 880 300 915 que
322 881 430 904 earum
452 874 485 905 et
505 875 656 905 auctores
678 875 711 905 et
731 871 885 906 custodes
904 872 1024 915 fuisse,
1051 875 1129 919 post
1141 871 1187 906 N.
1202 870 1248 905 T.
1264 875 1298 905 et
1311 870 1447 917 Iosephi
1460 870 1627 905 luculenta
1641 870 1739 905 testi—

237 934 346 968 monia
367 933 484 979 (Mtth.
503 935 559 978 15,
579 936 613 968 2.
628 935 723 969 Antt.
740 937 796 978 13,
814 937 869 979 10,
882 936 937 981 6.)
954 947 1019 969 non
1040 939 1092 969 est
1114 935 1202 981 quod
1221 934 1489 969 demonstremus.
1538 934 1632 967 Idem
1653 934 1741 967 iuter

239 990 349 1031 omnes
381 1000 528 1040 constat,
560 997 767 1033 traditionum
806 998 995 1044 dignitatem
1026 997 1224 1032 Pharisaeos
1262 998 1344 1033 adeo
1373 998 1585 1033 deveneratos
1623 995 1740 1038 fuisse,

237 1073 307 1096 eam
325 1065 361 1096 ut
378 1073 444 1096 non
464 1061 568 1096 solum
582 1073 654 1096 cum
674 1063 868 1097 auctoritate
889 1063 1031 1108 scriptae
1049 1062 1133 1107 legis
1160 1067 1394 1108 exaequarent,
1425 1072 1598 1106 earumque
1620 1060 1739 1094 notitia

237 1124 321 1170 legis
334 1124 545 1171 interpretem
560 1135 672 1159 carere
686 1137 751 1159 non
763 1136 864 1171 posse
884 1124 1066 1159 iudicarent
1079 1124 1127 1169 (e.
1142 1124 1265 1171 Apion.
1285 1128 1316 1168 l,
1332 1127 1376 1159 23
1394 1124 1509 1170 extu),
1529 1123 1590 1158 sed
1609 1122 1738 1169 legibus

236 1187 319 1233 ipsis
336 1187 423 1221 omni
433 1187 557 1221 honore
570 1187 768 1222 anteferrent
782 1188 835 1233 (2,
851 1189 932 1231 361,
946 1189 1025 1222 9—
1034 1188 1107 1233 12).
1153 1188 1304 1233 Denique
1319 1191 1502 1222 commenta
1512 1186 1736 1221 Rabbinormn

237 1250 279 1284 ad
307 1250 435 1284 verbum
462 1235 558 1296 atoue
587 1250 727 1285 litteram
755 1251 861 1286 mentiv
879 1251 1037 1297 impressa
1063 1250 1203 1285 decursu
1231 1254 1372 1285 aetatum
1395 1249 1582 1285 memoriter
1610 1251 1737 1282 servata

235 1313 338 1347 fuisse
355 1318 388 1348 et
405 1319 441 1348 ut
458 1317 592 1360 recepta
612 1314 651 1348 ab
669 1314 742 1348 aliis
763 1314 946 1358 hominm,
969 1314 1017 1348 ita
1035 1325 1095 1360 per
1113 1325 1225 1348 manus
1243 1314 1283 1348 ad
1302 1318 1455 1360 posteros
1474 1312 1614 1355 tradita,
1639 1322 1735 1345 nemo

236 1376 420 1419 mirabitur,
447 1377 501 1422 qui
522 1377 723 1420 meminerit,
745 1381 779 1412 et
797 1377 973 1412 Homerica
993 1378 1154 1421 carmina,
1174 1378 1237 1412 hoe
1259 1389 1322 1411 uno
1345 1377 1440 1411 modo
1461 1377 1503 1410 ad
1523 1375 1735 1410 Pisistratum

236 1438 497 1484 (contraApion.
518 1442 550 1482 1,
564 1440 617 1484 2.)
632 1443 666 1473 et
680 1440 782 1473 vicies
797 1443 924 1473 centum
938 1440 1040 1473 millia
1053 1451 1200 1474 versuum
1215 1451 1235 1473 a
1247 1440 1429 1473 Zoroastre
1444 1438 1577 1473 condita
1594 1437 1637 1471 ad
1645 1436 1735 1470 Her-

242 1500 384 1546 mippum
396 1501 584 1547 pervenisse
597 1501 702 1547 (Plin.
715 1501 760 1536 H.
773 1501 818 1537 N.
833 1503 892 1545 30,
909 1503 961 1548 2).
1012 1502 1127 1539 Testis
1145 1503 1178 1537 in
1197 1503 1279 1538 hanc
1292 1507 1415 1550 partem
1426 1501 1523 1536 Philo
1538 1500 1736 1546 locupletis-

237 1563 355 1607 simus,
380 1564 434 1609 qui
454 1576 520 1598 non
542 1564 639 1599 modo
660 1565 846 1599 memoriam
867 1565 901 1599 in
917 1565 1012 1600 bonis
1031 1566 1127 1612 primi
1149 1566 1292 1610 ordinis,
1318 1570 1351 1601 et
1369 1566 1403 1600 in
1423 1564 1586 1612 primariis
1604 1563 1734 1598 dotibus

238 1627 397 1673 sapientis
418 1631 451 1661 et
470 1628 506 1662 in
526 1627 684 1663 fructibus
710 1628 827 1662 mentis
848 1630 1138 1674 praestantissimis
1156 1631 1267 1676 ponit,
1290 1631 1337 1664 ita
1358 1634 1393 1664 nt
1413 1628 1549 1662 salutem
1571 1627 1671 1661 animi
1694 1638 1733 1660 ex

237 1690 394 1724 memoria
416 1702 604 1737 suspensam
624 1702 698 1725 esse
722 1690 845 1725 iudicet
869 1690 922 1736 (2,
937 1693 1020 1735 405,
1034 1694 1068 1726 9.
1089 1691 1210 1737 ἀγαθὰ
1233 1690 1470 1742 προηγούμενα
1485 1711 1536 1717 -
1551 1694 1588 1727 ἐν
1609 1696 1736 1738 ψυχαῖς

235 1752 256 1803 ἡ
272 1751 418 1802 ἄληστος
429 1752 541 1801 μνήμη
555 1754 620 1789 τῶν
634 1752 734 1796 ἀξίων
746 1752 1028 1802 μνημονεύεσθαι.
1058 1757 1140 1799 204,
1156 1758 1214 1791 27.
1235 1756 1333 1792 Num.
1346 1757 1381 1799 8,
1395 1756 1453 1789 24.
1479 1753 1502 1789 ὁ
1516 1755 1582 1790 τοῦ
1595 1752 1734 1790 ἀστείου

236 1817 318 1860 νοῦς
330 1815 437 1865 φύλαξ
452 1818 508 1852 καὶ
521 1818 645 1861 ταμίας
657 1818 723 1853 τῶν
736 1815 858 1865 ἀρετῆς
869 1820 941 1853 ἐστι
954 1815 1203 1862 ὃογμοίτων.-
1214 1820 1272 1862 54,
1285 1821 1340 1853 12.
1355 1818 1459 1852 bonae
1473 1817 1596 1852 indolis
1610 1816 1735 1850 indicia

235 1878 391 1923 εὐθιξία,
416 1878 579 1928 ἐπιμονὴ,
602 1879 723 1928 μνήμη.
748 1881 830 1924 591,
853 1880 887 1915 5.
910 1881 993 1923 610,
1014 1882 1074 1916 40.
1101 1881 1145 1917 cf.
1168 1881 1256 1917 Plat.
1278 1882 1364 1928 Rep.
1385 1880 1448 1915 VI.
1466 1893 1501 1927 p.
1524 1883 1609 1924 487,
1630 1892 1663 1915 a.
1684 1900 1735 1906 —

236 1945 319 1988 ⁴68,
332 1945 392 1977 44·
411 1941 543 1990 μνήμης
552 1941 698 1991 Ἑφρᾶὶμ
711 1942 886 1989 ἐπώνυμος
896 1946 1030 1989 γέγονεν
1045 1943 1083 1987 ὃς
1094 1939 1309 1993 καρπόφοοία
1320 1946 1548 1992 pueram-⁹229
1561 1956 1736 1992 neocoro-

206 2020 214 2029 ·
236 2004 376 2057 ρεῦπαι.
409 2004 556 2055 Καρπὸς
569 2007 610 2042 δὲ
623 2005 797 2051 κάλλιστος
808 2027 857 2033 -
870 2007 979 2056 ψυχῆς
990 2004 1032 2043 τὸ
1045 2005 1192 2056 ἄληστον
1205 2011 1242 2044 ἐν
1253 2007 1408 2056 μνήμαις.
1423 2028 1474 2035 -—
1486 2008 1581 2043 Arm.
1597 2009 1632 2052 2,
1649 2008 1735 2042 281.

238 2070 326 2107 Gen.
351 2072 407 2114 19,
431 2072 488 2105 17.
535 2069 576 2104 In
597 2075 738 2106 montem
758 2071 899 2117 salvare)
922 2070 983 2106 sed
1004 2071 1136 2106 disertis
1159 2072 1264 2107 verbis
1282 2071 1369 2106 idem
1390 2072 1471 2107 dicit
1489 2072 1524 2107 in
1543 2082 1635 2106 more
1658 2082 1736 2106 esse

237 2134 392 2181 positum,
416 2137 452 2168 ut
468 2132 660 2168 traditiones
672 2132 871 2169 Rabbinicae
883 2145 944 2182 per
955 2135 1181 2171 successiones
1195 2135 1236 2171 ad
1250 2139 1404 2183 posteros
1418 2140 1600 2172 transeant.
1651 2138 1735 2172 Πα-
