1947 2424
938 115 1010 155 10

228 223 356 269 potiore
375 221 445 254 iure
463 216 749 264 primogenitorum
762 219 797 249 et
810 214 851 249 de
865 214 1014 260 legitima
1027 215 1240 250 successione
1254 213 1453 251 Pontificum
1464 219 1722 263 petrosim.

227 285 271 320 B.
288 284 318 318 1.
332 285 366 327 4,
387 283 420 326 5,
441 283 476 316 3.
500 277 614 316 τοῦτ’
641 280 826 323 εὐγενεῖς
849 278 921 313 καὶ
944 279 1068 321 νέους
1081 276 1374 326 συλλαμβάνοντες
1395 282 1444 324 εἰς
1465 279 1723 330 εἱρκτὴν-πιπέ-

226 351 357 383 maan
375 346 575 389 δεδεμένους
595 342 722 377 nobiles
742 345 777 375 et
797 341 1049 385 adolescentes,
1069 342 1124 388 qui
1143 354 1163 377 a
1177 344 1272 390 vulgo
1296 344 1453 391 (εἰκαῖον)
1467 344 1719 391 distingunt-r,

226 410 409 445 sacerdotes
422 406 591 441 Pharisaei
611 408 687 439 sunt
698 403 985 451 Rabbiuorumque
1008 405 1049 439 di
1060 406 1120 441 sci
1129 406 1230 453 puli.
1276 406 1393 444 Ita-ms
1398 420 1440 444 οι
1452 407 1497 442 Β.
1514 406 1545 442 I.
1563 409 1671 453 1,.33,
1687 411 1723 445 2.

223 475 314 508 Ante.
335 474 389 514 17,
404 473 438 515 6,
453 472 487 504 2.
511 469 654 506 παιδεία
671 482 700 504 τ.
715 471 935 517 νεωτέρου.
960 468 1049 503 Phil.
1066 471 1148 513 178,
1162 471 1222 505 48.
1246 471 1358 507 Levit.
1376 474 1434 516 26,
1451 473 1508 507 10.
1533 475 1605 508 νέα
1622 471 1724 521 ψυχή.

224 556 272 562 -
289 536 330 569 B.
351 534 378 567 1.
402 536 435 576 7,
460 535 516 576 10,
542 536 574 567 l.
607 533 675 567 τῶν
703 530 781 567 οὐκ
806 531 978 581 ἀφανῶν
1004 545 1093 576 τινες
1112 530 1287 569 Ἰουδαίων
1305 534 1526 570 Alexandriae
1544 536 1724 571 zelotarum

222 598 521 643 Hierosolymorum
542 597 638 632 ruina
669 596 869 644 dilapsorum
897 596 999 632 furori
1021 609 1088 631 non
1115 597 1220 632 minus
1247 599 1412 634 restitisse
1437 603 1608 636 narrantur
1630 613 1723 648 quam

222 665 257 697 οἱ
284 660 583 710 πρωτεύοντες
610 662 687 710 τῆς
712 662 970 707 γερουσίας,
1001 660 1037 693 id
1062 664 1115 694 est
1135 661 1279 706 synedrii
1297 668 1513 708 assessores,
1529 664 1647 712 quippe
1669 665 1724 712 qui

221 725 300 760 iuris
318 726 458 760 scientia
475 730 510 760 et
521 726 677 760 librorum
692 735 858 759 sacrorum
869 724 989 770 peritia
1005 726 1040 757 et
1055 723 1265 759 traditionum
1278 726 1398 761 notitia
1411 726 1603 763 Pharisaica
1618 729 1725 764 desti-

223 788 283 823 tuti
298 800 364 822 nou
379 793 518 835 possent
533 789 642 822 locum
663 799 756 822 suum
777 787 873 822 tueri.
919 786 1035 833 Itaque
1057 786 1269 831 synedrorum
1287 789 1415 835 quoties
1436 790 1633 825 mentionem
1653 791 1726 827 fieri

221 852 382 895 videmus,
407 852 606 886 Pharisaeos
628 850 859 896 comprehendi
879 854 1134 891 consentaneum
1154 856 1206 886 est
1230 864 1260 885 v.
1276 864 1307 886 c.
1330 854 1411 888 τῶν
1428 852 1724 900 Ἱεροσολυμι-

222 916 302 950 τῶν
329 917 371 950 οἱ
392 916 554 961 πρῶτοι
573 914 632 949 vit.
653 916 688 949 7.
711 916 746 950 οἱ
774 911 979 963 ἄρχοντες
1007 914 1088 949 τῶν
1105 912 1412 963 Ἰεροσολύμων
1438 915 1482 951 Β.
1505 915 1536 950 I.
1558 917 1592 960 2,
1617 917 1673 961 12,
1689 918 1724 962 5,

226 981 283 1023 16,
310 982 342 1013 l.
363 999 413 1005 —
432 981 571 1015 καλέσαι
590 977 732 1027 Ὀυοίρον
750 998 800 1003 -
820 978 900 1013 τῶν
918 975 1141 1013 Ἰουδαίων
1164 977 1333 1014 δώδεκα
1357 978 1460 1022 τοὺς
1477 980 1726 1025 δοκιμωτά-

221 1053 323 1085 τους
342 1041 400 1076 vit.
419 1044 476 1076 11.
492 1061 542 1067 —
558 1044 594 1077 οἱ
619 1048 713 1086 τοῖς
739 1038 952 1087 ἀξιώμασι
979 1037 1243 1090 προῦχοντες
1268 1041 1334 1077 τῶν
1349 1043 1405 1079 ἐπὶ
1419 1040 1724 1093 ΚυρήνηςἸου-

220 1109 328 1144 δαίων
348 1107 390 1141 Β.
406 1106 437 1140 I.
454 1109 489 1150 7,
507 1111 564 1150 11,
589 1111 621 1141 l.
636 1128 687 1134 —-
704 1105 872 1154 Ἰωνάθην
884 1126 934 1132 —
945 1108 1150 1154 κατηγορίαν
1169 1110 1335 1155 ἐπιφέρειν
1352 1114 1426 1151 τοῖς
1446 1111 1483 1143 ἐν
1494 1107 1728 1157 Ἀλεξανδρείᾳ

220 1183 256 1206 τε
282 1172 339 1206 καὶ
360 1167 471 1218 Ῥώμῃ
502 1171 570 1205 τῶν
597 1168 773 1207 Ἰουδαίων
809 1167 1133 1217 δοκιμωτάτοις
1157 1169 1204 1203 ib.
1228 1172 1264 1214 7,
1286 1173 1342 1214 ll,
1365 1172 1401 1205 3.
1451 1170 1542 1215 Quos
1565 1171 1727 1220 Iosephus

221 1238 378 1270 memorat
398 1254 448 1260 —-
470 1233 534 1283 τὴν
555 1237 733 1282 Τιβεριέων
753 1233 910 1282 βουλὴν
931 1236 988 1270 καὶ
1010 1232 1111 1276 τοὺς
1132 1234 1329 1280 πρώτους
1345 1234 1424 1269 τοῦ
1444 1233 1585 1281 δήμου
1597 1237 1653 1272 vit.
1670 1240 1726 1272 12.

223 1297 303 1342 τοὺς
322 1299 385 1346 τῆς
404 1298 565 1345 βουλῆς
584 1295 783 1346 πρώτους
802 1299 905 1334 δέκα
928 1296 1220 1332 Tarichaeatarum
1240 1296 1285 1331 ib.
1304 1298 1374 1341 13,,
1397 1297 1423 1331 ii
1440 1297 1475 1332 in
1492 1298 1577 1334 hunc
1596 1311 1727 1336 censum

224 1375 291 1397 non
304 1363 439 1397 veniunt
458 1366 657 1408 propterea,
683 1362 771 1407 qnod
789 1363 938 1396 civitates
955 1372 1043 1395 mere
1059 1359 1211 1395 Graecae
1226 1360 1278 1394 vel
1296 1371 1316 1394 a
1330 1359 1471 1396 Graecis
1486 1366 1582 1409 atque
1595 1363 1727 1399 Iudaeis

224 1426 411 1473 promiscue
433 1424 599 1460 habitatae
620 1429 767 1460 senatum
788 1425 946 1460 haberent
968 1423 1100 1459 Graeco
1125 1435 1216 1458 more
1238 1424 1453 1470 compositum
1472 1426 1523 1461 vel
1545 1427 1727 1474 quingentis

227 1489 454 1532 senatoribus,
478 1488 584 1534 qualis
605 1487 813 1523 Gazaeorum
831 1488 926 1522 Antt.
944 1489 1000 1530 13,
1018 1489 1073 1530 13,
1091 1489 1125 1521 3.
1147 1487 1199 1521 vel
1220 1488 1403 1532 sexcentis,
1431 1490 1535 1535 qualis
1550 1490 1727 1527 Tiberien-

226 1553 311 1587 sium
329 1552 373 1586 B.
395 1551 426 1586 1.
441 1553 476 1596 2,
500 1553 558 1595 21,
580 1554 616 1585 9.
644 1551 694 1584 vel
714 1551 778 1585 alio
799 1551 915 1594 modo,
938 1550 1043 1596 qualis
1058 1549 1326 1585 caesareensium
1344 1551 1380 1585 in
1398 1550 1605 1598 Palaestina,
1634 1555 1726 1590 cuius

227 1616 292 1650 duo
312 1615 481 1662 principes
503 1615 638 1648 natione
662 1613 740 1659 Syri
759 1614 901 1648 fuerunt.
948 1613 1044 1647 Antt.
1058 1614 1117 1656 20,
1129 1614 1163 1656 8,
1178 1615 1213 1647 9.
1228 1632 1277 1638 -
1292 1613 1428 1659 Restat,
1448 1620 1485 1650 ut
1502 1616 1597 1651 huius
1611 1617 1728 1653 classis

226 1679 374 1726 reliquos
394 1678 459 1713 duo
485 1677 590 1713 adhuc
611 1678 707 1712 locos
726 1677 824 1724 paulo
846 1677 1055 1712 obscuriores
1076 1677 1287 1712 excutiamus.
1332 1676 1426 1713 Unus
1446 1690 1558 1715 eorum
1577 1680 1621 1716 B.
1638 1680 1671 1717 Ι.
1689 1684 1725 1727 4,

228 1746 264 1789 6,
281 1747 314 1778 1.
341 1743 464 1790 legitur
485 1742 537 1777 his
560 1741 687 1776 verbis:
712 1739 878 1777 Μάλιστα
898 1739 935 1777 δ’
958 1739 1013 1777 ἐπ’
1037 1738 1244 1788 ἀνδρείαν
1266 1741 1322 1776 καὶ
1345 1739 1566 1787 εὐγένειαν
1585 1742 1725 1794 ἐφόνων,

228 1807 289 1854 τὴν
309 1809 375 1854 μὲν
393 1805 518 1856 φθόνῳ
536 1803 797 1851 λυμαινόμενοι,
822 1804 882 1853 τὴν
904 1807 944 1841 δὲ
965 1806 1040 1840 δίει.
1089 1805 1154 1839 Hic
1170 1805 1274 1851 primo
1294 1805 1377 1839 illud
1398 1807 1645 1853 observandum,
1666 1823 1726 1857 per

230 1870 451 1918 εὐγένειαν
480 1869 675 1905 sacerdotes
698 1868 881 1914 designari,
907 1868 1004 1902 sicuti
1026 1879 1087 1914 per
1107 1866 1314 1917 ἀνδρείαν
1341 1869 1381 1904 de
1399 1870 1495 1916 plebe
1516 1870 1725 1918 Pharisaeos,

232 1947 289 1981 per
301 1935 529 1980 metonymiam
550 1933 708 1968 abstracti
729 1945 790 1979 pro
813 1936 987 1973 concret03
1014 1931 1132 1966 deinde
1144 1932 1184 1966 ab
1197 1934 1339 1982 ἀνδρείᾳ
1350 1933 1547 1969 Pharisaeos
1563 1935 1726 1982 designari

233 2009 297 2032 non
317 2002 440 2033 tantum
463 2001 601 2044 propter
622 1995 784 2033 Gorionis
810 1995 947 2030 liberale
969 1994 1134 2041 ingenium
1162 2006 1200 2030 ac
1224 1994 1353 2032 dicendi
1374 1997 1557 2034 libertatem
1578 2003 1612 2035 et
1630 1999 1727 2047 Nign‘

234 2060 382 2096 Peraitae
403 2061 556 2096 virtutem
582 2061 734 2097 bellicam
757 2059 791 2093 h.
813 2058 840 2093 l.
861 2059 895 2093 in
923 2059 1072 2105 exemplo
1094 2059 1226 2106 ponitur
1249 2065 1283 2095 et
1307 2073 1387 2108 quae
1411 2065 1571 2108 tamquam
1595 2063 1725 2110 species

235 2122 389 2172 ἀνδρείας
402 2125 515 2171 generi
529 2124 653 2168 subest,
674 2123 733 2159 sed
746 2126 882 2170 propter
895 2122 993 2156 animi
1007 2121 1155 2157 virtutem
1169 2135 1359 2169 generosam
1374 2128 1408 2160 et
1420 2126 1606 2170 masculam,
1627 2122 1724 2161 asce-
