1947 2424
226 226 320 261 Iesus
328 222 484 259 Gamalae
500 232 583 254 anno
598 220 675 253 belli
691 219 833 254 secundo
845 231 880 265 p.
892 219 973 253 C-n.
982 220 1041 262 67,
1058 218 1288 265 rempublicam
1302 221 1547 265 capessiverunt
1556 222 1722 259 summos·
1740 226 1742 228 ’

228 302 287 335 que
299 287 503 332 magistratus
518 284 603 317 iuter
618 295 654 317 se
670 284 716 317 ita
730 283 843 328 partiti
860 287 952 326 sunt,
973 287 1010 317 ut
1022 281 1346 317 AnanusPontificis
1357 283 1408 318 Μ.
1424 295 1462 319 ac
1482 286 1626 329 synedrii
1636 288 1722 323 Hie-

227 346 445 395 rosolymitani
467 344 628 391 praesidis
648 355 822 391 personam
841 345 1038 389 sustineret,
1063 345 1158 380 Iesus
1173 344 1332 380 Gamalae
1356 350 1463 381 autem
1486 347 1662 383 secundum
1681 351 1722 384 ab

224 416 280 448 illo
292 415 395 447 locum
414 420 575 454 occupans
590 409 743 443 vicarium
757 409 919 455 praesidis
935 414 1060 455 ageret.
1108 409 1149 443 Id
1166 414 1272 444 autem
1286 414 1377 445 recte
1392 410 1532 456 factum,
1550 416 1722 458 postquam

224 477 379 517 Ioannes,
403 472 581 506 zelotarum
596 471 660 506 dux
681 476 714 506 et
727 472 883 516 antistes,
906 471 1076 507 Gischalis
1094 473 1270 519 profugus,
1295 477 1331 507 ut
1351 485 1493 509 summos
1512 475 1723 521 magistratus

226 540 284 574 sibi
304 547 437 583 prorsus
458 535 662 581 mancipatos
685 536 821 570 haberet
843 540 877 570 et
893 537 1004 571 socios
1028 536 1256 582 adjutoresque
1273 537 1451 581 scelerum,
1470 539 1515 573 B.
1532 538 1561 573 Ι.
1584 541 1619 583 4,
1635 541 1670 583 3,
1686 541 1723 573 6.

225 608 286 636 tum
315 598 456 645 synedrii
480 609 540 644 per
567 598 630 632 vim
663 603 696 633 et
721 603 839 633 metum
865 600 974 633 coacti
1003 611 1117 633 vanam
1144 601 1288 647 speciem
1316 600 1539 647 simulaverat,
1568 603 1613 637 B.
1633 602 1665 646 I,
1686 605 1723 646 4,

224 666 255 707 5,
271 667 306 698 4.
333 668 399 698 tum
414 660 591 706 Fanniam,
617 662 784 697 indoctum
799 667 832 697 et
847 663 960 697 rudem
981 663 1022 698 de
1037 675 1112 698 rure
1128 663 1345 698 sacrificulum
1365 665 1539 701 sortitione
1558 666 1647 701 facta
1664 679 1723 714 per

222 727 393 761 ludibrium
409 726 604 762 Pontificem
617 726 668 760 M.
681 727 799 761 vitiose
813 731 991 771 creaverat,
1013 727 1056 762 B.
1070 727 1101 762 Ι.
1115 729 1151 771 4,
1163 729 1198 771 3,
1212 729 1248 762 8.
1262 727 1306 762 cf.
1322 727 1416 763 Antt.
1433 730 1491 772 20,
1504 732 1539 774 9,
1556 734 1588 765 1.
1613 732 1724 766 multis

221 791 268 824 illi
292 791 400 825 causis
429 794 605 837 potuerunt
634 789 825 824 defendere.
879 790 1008 838 Quippe
1024 791 1200 838 {pollebant
1223 791 1273 824 illi
1302 795 1336 826 et
1360 792 1477 826 aetatis
1498 795 1726 840 praerogativa

222 856 444 902 (γεραίτατοι)
464 855 508 888 Β.
531 853 562 888 I.
585 856 622 898 4,
641 856 675 898 3,
700 856 735 889 7.
759 857 794 897 4,
816 857 851 889 3.
871 855 927 889 cll.
945 855 1040 889 Antt.
1067 857 1122 899 14,
1143 857 1177 898 3,
1200 857 1234 889 2.
1261 860 1294 890 et
1313 868 1420 890 rerum
1441 869 1503 891 usu
1525 859 1620 903 parta
1640 860 1726 905 apud

221 918 308 952 cives
337 917 533 953 auctoritate
564 920 597 951 et
617 917 771 951 natalium
798 917 991 964 splendore,
1022 921 1059 952 ut
1085 916 1299 967 ἀρχιερεῖς
1326 919 1506 955 antistitum
1527 931 1569 955 ex
1590 932 1724 956 numero

221 983 335 1027 viginti
359 986 496 1027 quatuor
519 981 666 1015 ordinum
696 982 946 1016 sacerdotalium
974 982 1050 1026 (vit.
1074 985 1107 1016 1.
1135 984 1156 1015 2
1176 982 1284 1027 Regg.
1306 982 1364 1025 25,
1391 984 1448 1017 18.
1475 984 1531 1018 cll.
1553 987 1609 1028 ll,
1632 987 1668 1019 6.
1690 987 1725 1019 7.

225 1048 241 1079 1
257 1044 369 1080 Paral.
386 1047 445 1090 24,
470 1046 505 1080 3.
532 1045 553 1078 2
570 1043 682 1078 Paral.
696 1045 732 1089 8,
749 1045 823 1091 4.);
849 1044 1039 1079 nominatim
1061 1044 1196 1080 Ananus
1215 1044 1324 1080 Anani
1344 1049 1377 1080 et
1395 1045 1509 1081 domus
1531 1046 1727 1084 Pontificiae

157 1111 159 1113 ’
223 1111 371 1145 claritate
392 1110 533 1144 illustris
556 1113 590 1143 et
612 1121 674 1154 qua
695 1108 964 1144 Sadducaeorum
986 1114 1097 1144 sectae
1118 1110 1287 1154 addictus,
1313 1110 1419 1145 feroci
1438 1112 1569 1157 ingenio
1590 1117 1623 1147 et
1641 1114 1727 1147 insi-

223 1173 329 1219 guiter
354 1173 471 1207 audaci
497 1172 666 1219 praeditus
695 1176 728 1206 et
752 1172 926 1207 Pontificis
954 1184 1086 1207 munere
1109 1172 1230 1207 Albino
1259 1177 1472 1220 procuratore
1499 1174 1629 1210 functus
1657 1182 1727 1212 erat

223 1237 317 1271 Antt.
334 1238 392 1280 20,
408 1239 443 1279 9,
462 1239 495 1270 l.
517 1248 583 1270 non
596 1236 723 1279 minus,
746 1248 840 1281 quam
853 1236 948 1271 Iesus
965 1235 1125 1271 Gamalae
1142 1236 1327 1271 iamdudum
1341 1238 1562 1282 magistratum
1581 1240 1616 1273 in
1630 1252 1728 1284 syne-

225 1299 296 1333 ‹ln‘o
304 1289 606 1342 Hierosolymitano
619 1303 768 1343 gesserat
781 1299 838 1332 vit.
849 1300 892 1332 41
905 1310 915 1339 ;
931 1299 1018 1332 stola
1024 1298 1201 1333 Pontificia
1213 1302 1319 1333 autem
1332 1299 1423 1333 indui
1435 1304 1469 1334 et
1482 1300 1616 1335 frontali
1627 1314 1725 1337 aureo

226 1363 335 1397 ornari
347 1363 486 1397 Ananus
507 1362 606 1396 facilc
629 1362 737 1408 potuit
754 1361 813 1406 (Β.
828 1361 858 1395 Ι.
874 1363 909 1405 4,
926 1363 960 1405 3,
977 1364 1011 1396 9.
1033 1362 1089 1396 cll.
1104 1362 1138 1406 5,
1155 1362 1208 1408 2.)
1228 1367 1405 1409 propterea
1425 1363 1511 1409 quod
1532 1364 1651 1399 decora
1670 1366 1727 1401 illa

225 1425 405 1460 Pontificia
418 1426 561 1459 uoniam
577 1425 661 1458 sicut
676 1425 752 1458 olim
766 1425 867 1458 moris
881 1425 1000 1468 fuerat,
1017 1424 1236 1458 Romanorum
1249 1437 1346 1460 curae
1363 1430 1397 1460 et
1410 1427 1530 1461 tutelae
1543 1429 1727 1473 commissa,

228 1490 289 1524 sed
309 1489 506 1524 Iudaeorum
526 1490 560 1523 in
581 1492 779 1535 potestatem
800 1488 921 1522 tradita
942 1492 1035 1522 erant
1056 1488 1122 1522 vid.
1141 1488 1236 1523 Antt.
1257 1489 1314 1533 15,
1339 1492 1394 1533 ll,
1416 1491 1452 1524 4.
1478 1490 1532 1524 cll.
1557 1493 1613 1535 18,
1632 1494 1668 1537 4,
1689 1496 1725 1528 3.

227 1555 287 1596 20,
311 1556 343 1596 1,
365 1556 397 1586 l.
415 1554 448 1586 2.
494 1552 611 1597 Itaque
628 1551 702 1585 dum
716 1551 829 1596 vulgus
843 1550 1049 1585 sacerdotum
1067 1551 1188 1585 frustra
1199 1563 1277 1598 prae
1293 1552 1406 1587 dolore
1426 1552 1461 1586 in
1478 1564 1599 1588 summo
1620 1566 1727 1590 rerum

228 1616 416 1650 discrimine
435 1616 587 1660 lacrymis
607 1614 822 1649 conficiuntur
842 1614 886 1648 Β.
905 1613 937 1648 Ι.
959 1615 995 1657 4,
1017 1616 1052 1658 3,
1072 1615 1107 1648 8.
1127 1618 1209 1649 extr.
1229 1615 1364 1650 Ananus
1392 1620 1425 1651 et
1444 1616 1538 1651 Iesus
1555 1616 1725 1663 Gamalae,

226 1680 369 1714 naturali
392 1679 613 1726 improbitatis
641 1678 718 1713 odio
749 1677 923 1720 concitati,
953 1677 1162 1724 Piuchaeque
1184 1678 1300 1724 (Num.
1321 1680 1379 1724 25,
1403 1681 1457 1726 7.)
1485 1684 1518 1715 et
1537 1680 1725 1717 Levitarum

225 1743 357 1789 (Exod.
373 1744 433 1786 32,
448 1742 525 1787 26.)
543 1741 727 1787 exemplum
747 1740 919 1783 aemulati,
942 1744 978 1773 ut
998 1741 1161 1774 laboranti
1177 1741 1261 1786 legis
1281 1743 1468 1777 auctoritati
1488 1750 1725 1790 succurrerent,

229 1807 371 1853 quamvis
390 1806 530 1841 humano
548 1806 620 1840 iure
642 1804 694 1839 vel
707 1802 905 1838 Pontificum
925 1803 976 1837 vel
997 1803 1206 1848 syuedrorum
1224 1805 1300 1839 loco
1325 1809 1506 1840 et·numero
1527 1806 1638 1842 haberi
1658 1821 1723 1844 uon

228 1874 383 1915 possent,
409 1870 527 1903 saltem
540 1868 648 1902 divino
666 1868 742 1901 iure
751 1870 919 1910 utramque
932 1869 1128 1911 potestatem
1142 1870 1175 1900 et
1188 1866 1360 1902 Pontificis
1375 1872 1409 1902 et
1420 1869 1596 1915 prophetae
1611 1870 1723 1915 (Antt.

231 1935 264 1977 4,
278 1935 313 1978 8,
332 1934 407 1979 14.)
427 1933 468 1967 ad
486 1937 614 1979 tempus
641 1935 675 1965 et
696 1934 789 1965 extra
810 1929 957 1964 ordinem
979 1933 1185 1976 usurparunt.
1235 1929 1306 1965 Sed
1324 1930 1405 1966 haec
1422 1932 1576 1970 hactenus
1599 1933 1639 1969 de
1661 1935 1724 1971 du·

233 1995 308 2040 plici
322 1996 573 2031 Pharisaeorum
588 2006 710 2041 genere
724 1994 859 2039 eiusque
874 1993 964 2026 notis
979 1996 1013 2027 et
1026 1992 1158 2027 indiciis
1170 1993 1196 2027 l.
1211 1994 1236 2027 l.
1249 1993 1382 2041 Iosephi
1395 1996 1549 2043 proditis.

324 2060 489 2103 Alterum,
522 2059 608 2105 quod
630 2058 747 2093 eodem
766 2057 825 2090 illo
843 2056 980 2102 Iosephi
1000 2056 1186 2090 testimonio
1209 2056 1364 2101 efficitur,
1388 2059 1425 2093 in
1442 2071 1482 2094 eo
1504 2062 1662 2106 cernitur,
1686 2066 1723 2096 ut

233 2120 309 2156 inde
330 2126 499 2169 appareat,
532 2122 609 2169 quid
627 2133 746 2158 causae
766 2119 885 2164 fuerit,
918 2131 977 2155 cur
997 2119 1030 2154 in
1052 2119 1274 2156 sacerdotibus
1295 2133 1421 2169 quoque
1442 2125 1642 2172 popularitas
1664 2136 1723 2161 seu
