<?xml version="1.0" encoding="UTF-8"?>
<!DOCTYPE html PUBLIC "-//W3C//DTD XHTML 1.0 Transitional//EN"
    "http://www.w3.org/TR/xhtml1/DTD/xhtml1-transitional.dtd">
<html xmlns="http://www.w3.org/1999/xhtml" xml:lang="en" lang="en">
 <head>
  <title>
</title>
<meta http-equiv="Content-Type" content="text/html;charset=utf-8" />
  <meta name='ocr-system' content='tesseract 3.04.00' />
  <meta name='ocr-capabilities' content='ocr_page ocr_carea ocr_par ocr_line ocrx_word'/>
</head>
<body>
  <div class='ocr_page' id='page_1' title='image "4627238_0012.png"; bbox 0 0 1947 2424; ppageno 0'>
   <div class='ocr_carea' id='block_1_1' title="bbox 194 197 1703 814">
    <p class='ocr_par' dir='ltr' id='par_1_1' title="bbox 194 197 1703 814">
     <span class='ocr_line' id='line_1_1' title="bbox 199 197 1696 251; baseline -0.002 -14"><span class='ocrx_word' id='word_1_1' title='bbox 199 216 278 251; x_wconf 78' lang='lat' dir='ltr'><strong>quas</strong></span> <span class='ocrx_word' id='word_1_2' title='bbox 290 203 347 237; x_wconf 94' lang='lat' dir='ltr'><strong>illa</strong></span> <span class='ocrx_word' id='word_1_3' title='bbox 361 200 464 235; x_wconf 82' lang='lat' dir='ltr'><strong>divisa</strong></span> <span class='ocrx_word' id='word_1_4' title='bbox 477 203 559 243; x_wconf 89' lang='lat' dir='ltr'><strong>erat,</strong></span> <span class='ocrx_word' id='word_1_5' title='bbox 578 198 728 233; x_wconf 79' lang='lat' dir='ltr'><strong>notitiam</strong></span> <span class='ocrx_word' id='word_1_6' title='bbox 740 198 889 243; x_wconf 78' lang='lat' dir='ltr'><strong>haberet,</strong></span> <span class='ocrx_word' id='word_1_7' title='bbox 906 202 940 234; x_wconf 92' lang='lat' dir='ltr'><strong>et</strong></span> <span class='ocrx_word' id='word_1_8' title='bbox 952 198 1073 234; x_wconf 85' lang='lat' dir='ltr'><strong>multos</strong></span> <span class='ocrx_word' id='word_1_9' title='bbox 1086 198 1330 246; x_wconf 85' lang='lat' dir='ltr'><strong>provincialium</strong></span> <span class='ocrx_word' id='word_1_10' title='bbox 1343 209 1382 234; x_wconf 80' lang='lat' dir='ltr'><strong>ac</strong></span> <span class='ocrx_word' id='word_1_11' title='bbox 1395 197 1560 246; x_wconf 83' lang='lat' dir='ltr'><strong>principes</strong></span> <span class='ocrx_word' id='word_1_12' title='bbox 1572 197 1696 234; x_wconf 70' lang='lat' dir='ltr'><strong>factio·</strong></span> 
     </span>
     <span class='ocr_line' id='line_1_2' title="bbox 200 259 1696 308; baseline -0.003 -7"><span class='ocrx_word' id='word_1_13' title='bbox 200 276 309 301; x_wconf 85' lang='lat' dir='ltr'><strong>sorum</strong></span> <span class='ocrx_word' id='word_1_14' title='bbox 324 262 556 298; x_wconf 86' lang='lat' dir='ltr'><strong>consuetudine</strong></span> <span class='ocrx_word' id='word_1_15' title='bbox 570 265 604 294; x_wconf 91' lang='lat' dir='ltr'><strong>et</strong></span> <span class='ocrx_word' id='word_1_16' title='bbox 618 272 680 294; x_wconf 84' lang='lat' dir='ltr'><strong>usu</strong></span> <span class='ocrx_word' id='word_1_17' title='bbox 698 261 865 295; x_wconf 83' lang='lat' dir='ltr'><strong>devinctos</strong></span> <span class='ocrx_word' id='word_1_18' title='bbox 881 265 1026 305; x_wconf 87' lang='lat' dir='ltr'><strong>teneret,</strong></span> <span class='ocrx_word' id='word_1_19' title='bbox 1052 274 1187 308; x_wconf 89' lang='lat' dir='ltr'><strong>quorum</strong></span> <span class='ocrx_word' id='word_1_20' title='bbox 1200 262 1320 296; x_wconf 84' lang='lat' dir='ltr'><strong>auxilio</strong></span> <span class='ocrx_word' id='word_1_21' title='bbox 1335 261 1462 295; x_wconf 84' lang='lat' dir='ltr'><strong>adiutus</strong></span> <span class='ocrx_word' id='word_1_22' title='bbox 1476 264 1592 307; x_wconf 82' lang='lat' dir='ltr'><strong>posset</strong></span> <span class='ocrx_word' id='word_1_23' title='bbox 1604 259 1696 296; x_wconf 73' lang='lat' dir='ltr'><strong>ludi</strong></span> 
     </span>
     <span class='ocr_line' id='line_1_3' title="bbox 201 321 1696 375; baseline -0.002 -12"><span class='ocrx_word' id='word_1_24' title='bbox 201 327 361 375; x_wconf 83' lang='lat' dir='ltr'><strong>praetoris</strong></span> <span class='ocrx_word' id='word_1_25' title='bbox 377 336 448 359; x_wconf 85' lang='lat' dir='ltr'><strong>cnm</strong></span> <span class='ocrx_word' id='word_1_26' title='bbox 462 335 617 358; x_wconf 88' lang='lat' dir='ltr'><strong>successu</strong></span> <span class='ocrx_word' id='word_1_27' title='bbox 631 323 829 359; x_wconf 88' lang='lat' dir='ltr'><strong>obtrectare.</strong></span> <span class='ocrx_word' id='word_1_28' title='bbox 880 324 1023 369; x_wconf 77' lang='lat' dir='ltr'><strong>Quartus</strong></span> <span class='ocrx_word' id='word_1_29' title='bbox 1038 325 1176 373; x_wconf 87' lang='lat' dir='ltr'><strong>denique</strong></span> <span class='ocrx_word' id='word_1_30' title='bbox 1190 330 1224 362; x_wconf 90' lang='lat' dir='ltr'><strong>et</strong></span> <span class='ocrx_word' id='word_1_31' title='bbox 1236 326 1366 361; x_wconf 80' lang='lat' dir='ltr'><strong>ultimus</strong></span> <span class='ocrx_word' id='word_1_32' title='bbox 1381 323 1519 359; x_wconf 86' lang='lat' dir='ltr'><strong>omnium</strong></span> <span class='ocrx_word' id='word_1_33' title='bbox 1537 321 1696 368; x_wconf 77' lang='lat' dir='ltr'><strong>Simon,</strong></span> 
     </span>
     <span class='ocr_line' id='line_1_4' title="bbox 201 386 1698 434; baseline -0.002 -9"><span class='ocrx_word' id='word_1_34' title='bbox 201 388 391 425; x_wconf 81' lang='lat' dir='ltr'><strong>Gamalielis</strong></span> <span class='ocrx_word' id='word_1_35' title='bbox 413 386 499 420; x_wconf 87' lang='lat' dir='ltr'><strong>filius</strong></span> <span class='ocrx_word' id='word_1_36' title='bbox 517 386 668 432; x_wconf 83' lang='lat' dir='ltr'><strong>idemque</strong></span> <span class='ocrx_word' id='word_1_37' title='bbox 686 386 789 421; x_wconf 88' lang='lat' dir='ltr'><strong>frater</strong></span> <span class='ocrx_word' id='word_1_38' title='bbox 803 386 883 421; x_wconf 92' lang='lat' dir='ltr'><strong>Iesu</strong></span> <span class='ocrx_word' id='word_1_39' title='bbox 900 388 989 431; x_wconf 79' lang='lat' dir='ltr'><strong>eius,</strong></span> <span class='ocrx_word' id='word_1_40' title='bbox 1012 400 1107 434; x_wconf 88' lang='lat' dir='ltr'><strong>quem</strong></span> <span class='ocrx_word' id='word_1_41' title='bbox 1121 401 1204 424; x_wconf 88' lang='lat' dir='ltr'><strong>anno</strong></span> <span class='ocrx_word' id='word_1_42' title='bbox 1220 392 1295 423; x_wconf 88' lang='lat' dir='ltr'><strong>ante</strong></span> <span class='ocrx_word' id='word_1_43' title='bbox 1308 388 1427 422; x_wconf 87' lang='lat' dir='ltr'><strong>bellum</strong></span> <span class='ocrx_word' id='word_1_44' title='bbox 1438 386 1584 434; x_wconf 83' lang='lat' dir='ltr'><strong>proximo</strong></span> <span class='ocrx_word' id='word_1_45' title='bbox 1599 386 1646 420; x_wconf 84' lang='lat'><strong>65</strong></span> <span class='ocrx_word' id='word_1_46' title='bbox 1660 398 1698 433; x_wconf 76' lang='lat' dir='ltr'><strong>p·</strong></span> 
     </span>
     <span class='ocr_line' id='line_1_5' title="bbox 202 448 1699 499; baseline -0.003 -11"><span class='ocrx_word' id='word_1_47' title='bbox 202 453 241 488; x_wconf 84' lang='lat' dir='ltr'><strong>C.</strong></span> <span class='ocrx_word' id='word_1_48' title='bbox 257 464 290 486; x_wconf 90' lang='lat' dir='ltr'><strong>n.</strong></span> <span class='ocrx_word' id='word_1_49' title='bbox 302 449 453 485; x_wconf 88' lang='lat' dir='ltr'><strong>Herodes</strong></span> <span class='ocrx_word' id='word_1_50' title='bbox 472 448 624 496; x_wconf 83' lang='lat' dir='ltr'><strong>Agrippa</strong></span> <span class='ocrx_word' id='word_1_51' title='bbox 640 450 748 485; x_wconf 84' lang='grc'>11111101</span> <span class='ocrx_word' id='word_1_52' title='bbox 763 450 964 486; x_wconf 82' lang='lat' dir='ltr'><strong>Poutificatu</strong></span> <span class='ocrx_word' id='word_1_53' title='bbox 985 463 1046 498; x_wconf 87' lang='lat' dir='ltr'><strong>per</strong></span> <span class='ocrx_word' id='word_1_54' title='bbox 1059 452 1155 488; x_wconf 89' lang='lat' dir='ltr'><strong>breve</strong></span> <span class='ocrx_word' id='word_1_55' title='bbox 1176 452 1330 499; x_wconf 88' lang='lat' dir='ltr'><strong>temporis</strong></span> <span class='ocrx_word' id='word_1_56' title='bbox 1345 451 1484 498; x_wconf 85' lang='lat' dir='ltr'><strong>spatium</strong></span> <span class='ocrx_word' id='word_1_57' title='bbox 1503 453 1699 485; x_wconf 74' lang='lat' dir='ltr'><strong>mactaverat</strong></span> 
     </span>
     <span class='ocr_line' id='line_1_6' title="bbox 197 513 1700 561; baseline 0 -12"><span class='ocrx_word' id='word_1_58' title='bbox 197 516 291 550; x_wconf 85' lang='lat' dir='ltr'><strong>Antt.</strong></span> <span class='ocrx_word' id='word_1_59' title='bbox 307 515 364 556; x_wconf 83' lang='lat'><strong>20,</strong></span> <span class='ocrx_word' id='word_1_60' title='bbox 380 515 416 556; x_wconf 85' lang='lat'><strong>9,</strong></span> <span class='ocrx_word' id='word_1_61' title='bbox 430 514 467 546; x_wconf 92' lang='grc'><strong>4.</strong></span> <span class='ocrx_word' id='word_1_62' title='bbox 483 514 519 547; x_wconf 86' lang='lat'><strong>7.</strong></span> <span class='ocrx_word' id='word_1_63' title='bbox 540 517 574 547; x_wconf 91' lang='lat' dir='ltr'><strong>et</strong></span> <span class='ocrx_word' id='word_1_64' title='bbox 592 513 765 548; x_wconf 85' lang='lat' dir='ltr'><strong>nobilitate</strong></span> <span class='ocrx_word' id='word_1_65' title='bbox 788 515 919 560; x_wconf 90' lang='lat' dir='ltr'><strong>generis</strong></span> <span class='ocrx_word' id='word_1_66' title='bbox 940 515 1048 549; x_wconf 86' lang='lat' dir='ltr'><strong>clarus</strong></span> <span class='ocrx_word' id='word_1_67' title='bbox 1069 519 1103 550; x_wconf 92' lang='lat' dir='ltr'><strong>et</strong></span> <span class='ocrx_word' id='word_1_68' title='bbox 1124 515 1303 552; x_wconf 82' lang='lat' dir='ltr'><strong>domestico</strong></span> <span class='ocrx_word' id='word_1_69' title='bbox 1323 514 1496 561; x_wconf 76' lang='lat' dir='ltr'><strong>splendore</strong></span> <span class='ocrx_word' id='word_1_70' title='bbox 1513 513 1649 549; x_wconf 85' lang='lat' dir='ltr'><strong>illustris</strong></span> <span class='ocrx_word' id='word_1_71' title='bbox 1665 518 1700 549; x_wconf 90' lang='lat' dir='ltr'><strong>et</strong></span> 
     </span>
     <span class='ocr_line' id='line_1_7' title="bbox 196 567 1700 624; baseline 0.001 -13"><span class='ocrx_word' id='word_1_72' title='bbox 196 577 278 622; x_wconf 87' lang='lat' dir='ltr'><strong>legis</strong></span> <span class='ocrx_word' id='word_1_73' title='bbox 292 575 414 622; x_wconf 88' lang='lat' dir='ltr'><strong>peritia</strong></span> <span class='ocrx_word' id='word_1_74' title='bbox 427 576 569 621; x_wconf 87' lang='lat' dir='ltr'><strong>insignis</strong></span> <span class='ocrx_word' id='word_1_75' title='bbox 586 581 620 610; x_wconf 92' lang='lat' dir='ltr'><strong>et</strong></span> <span class='ocrx_word' id='word_1_76' title='bbox 635 577 775 611; x_wconf 91' lang='lat' dir='ltr'><strong>consilio</strong></span> <span class='ocrx_word' id='word_1_77' title='bbox 790 578 933 624; x_wconf 89' lang='lat' dir='ltr'><strong>pollens,</strong></span> <span class='ocrx_word' id='word_1_78' title='bbox 956 583 990 612; x_wconf 89' lang='lat' dir='ltr'><strong>et</strong></span> <span class='ocrx_word' id='word_1_79' title='bbox 1004 590 1111 612; x_wconf 89' lang='lat' dir='ltr'><strong>rerum</strong></span> <span class='ocrx_word' id='word_1_80' title='bbox 1120 567 1187 613; x_wconf 35' lang='lat' dir='ltr'><strong>&#39;usu</strong></span> <span class='ocrx_word' id='word_1_81' title='bbox 1200 579 1317 622; x_wconf 88' lang='lat' dir='ltr'><strong>solers,</strong></span> <span class='ocrx_word' id='word_1_82' title='bbox 1338 582 1372 612; x_wconf 91' lang='lat' dir='ltr'><strong>et</strong></span> <span class='ocrx_word' id='word_1_83' title='bbox 1388 577 1549 612; x_wconf 77' lang='lat' dir='ltr'><strong>amicitiae</strong></span> <span class='ocrx_word' id='word_1_84' title='bbox 1562 589 1628 612; x_wconf 91' lang='grc'>11011</span> <span class='ocrx_word' id='word_1_85' title='bbox 1641 589 1700 612; x_wconf 82' lang='lat' dir='ltr'><strong>so·</strong></span> 
     </span>
     <span class='ocr_line' id='line_1_8' title="bbox 195 638 1701 688; baseline 0.001 -14"><span class='ocrx_word' id='word_1_86' title='bbox 195 642 261 674; x_wconf 89' lang='lat' dir='ltr'><strong>lum</strong></span> <span class='ocrx_word' id='word_1_87' title='bbox 280 639 340 673; x_wconf 87' lang='lat' dir='ltr'><strong>sed</strong></span> <span class='ocrx_word' id='word_1_88' title='bbox 362 638 462 673; x_wconf 86' lang='lat' dir='ltr'><strong>etiam</strong></span> <span class='ocrx_word' id='word_1_89' title='bbox 481 639 670 674; x_wconf 84' lang='lat' dir='ltr'><strong>sodalitatis</strong></span> <span class='ocrx_word' id='word_1_90' title='bbox 686 640 868 675; x_wconf 82' lang='lat' dir='ltr'><strong>studiorum</strong></span> <span class='ocrx_word' id='word_1_91' title='bbox 884 642 1013 676; x_wconf 88' lang='lat' dir='ltr'><strong>nomine</strong></span> <span class='ocrx_word' id='word_1_92' title='bbox 1026 641 1103 678; x_wconf 90' lang='lat' dir='ltr'><strong>iude</strong></span> <span class='ocrx_word' id='word_1_93' title='bbox 1120 653 1140 675; x_wconf 88' lang='lat' dir='ltr'><strong>a</strong></span> <span class='ocrx_word' id='word_1_94' title='bbox 1152 641 1269 688; x_wconf 80' lang='lat' dir='ltr'><strong>puerili</strong></span> <span class='ocrx_word' id='word_1_95' title='bbox 1286 639 1490 675; x_wconf 85' lang='lat' dir='ltr'><strong>institutione</strong></span> <span class='ocrx_word' id='word_1_96' title='bbox 1505 639 1623 676; x_wconf 80' lang='lat' dir='ltr'><strong>lomi</strong></span> <span class='ocrx_word' id='word_1_97' title='bbox 1635 639 1701 676; x_wconf 81' lang='lat' dir='ltr'><strong>Gi-</strong></span> 
     </span>
     <span class='ocr_line' id='line_1_9' title="bbox 195 701 1702 751; baseline 0.001 -13"><span class='ocrx_word' id='word_1_98' title='bbox 195 702 364 738; x_wconf 87' lang='lat' dir='ltr'><strong>schalensi</strong></span> <span class='ocrx_word' id='word_1_99' title='bbox 378 701 611 748; x_wconf 81' lang='lat' dir='ltr'><strong>perfamiliaris</strong></span> <span class='ocrx_word' id='word_1_100' title='bbox 625 715 664 738; x_wconf 87' lang='lat' dir='ltr'><strong>ae</strong></span> <span class='ocrx_word' id='word_1_101' title='bbox 680 703 847 738; x_wconf 86' lang='lat' dir='ltr'><strong>devinctus</strong></span> <span class='ocrx_word' id='word_1_102' title='bbox 856 729 867 748; x_wconf 94' lang='lat'><strong>,</strong></span> <span class='ocrx_word' id='word_1_103' title='bbox 893 704 1037 751; x_wconf 89' lang='lat' dir='ltr'><strong>Iosepho</strong></span> <span class='ocrx_word' id='word_1_104' title='bbox 1051 708 1160 739; x_wconf 88' lang='lat' dir='ltr'><strong>autem</strong></span> <span class='ocrx_word' id='word_1_105' title='bbox 1177 704 1225 738; x_wconf 90' lang='lat' dir='ltr'><strong>ita</strong></span> <span class='ocrx_word' id='word_1_106' title='bbox 1238 703 1385 738; x_wconf 81' lang='lat' dir='ltr'><strong>infensus</strong></span> <span class='ocrx_word' id='word_1_107' title='bbox 1404 702 1606 751; x_wconf 82' lang='lat' dir='ltr'><strong>infestusque</strong></span> <span class='ocrx_word' id='word_1_108' title='bbox 1620 703 1702 749; x_wconf 83' lang='lat' dir='ltr'><strong>erat,</strong></span> 
     </span>
     <span class='ocr_line' id='line_1_10' title="bbox 194 766 1703 814; baseline 0.001 -15"><span class='ocrx_word' id='word_1_109' title='bbox 194 767 255 800; x_wconf 84' lang='lat' dir='ltr'><strong>vit.</strong></span> <span class='ocrx_word' id='word_1_110' title='bbox 274 767 354 809; x_wconf 65' lang='lat'><strong>38„</strong></span> <span class='ocrx_word' id='word_1_111' title='bbox 379 769 417 799; x_wconf 90' lang='lat' dir='ltr'><strong>nt</strong></span> <span class='ocrx_word' id='word_1_112' title='bbox 440 766 581 811; x_wconf 85' lang='lat' dir='ltr'><strong>posthac</strong></span> <span class='ocrx_word' id='word_1_113' title='bbox 604 766 730 800; x_wconf 89' lang='lat' dir='ltr'><strong>demum</strong></span> <span class='ocrx_word' id='word_1_114' title='bbox 759 779 854 812; x_wconf 90' lang='lat' dir='ltr'><strong>quum</strong></span> <span class='ocrx_word' id='word_1_115' title='bbox 878 778 975 801; x_wconf 91' lang='lat' dir='ltr'><strong>cursu</strong></span> <span class='ocrx_word' id='word_1_116' title='bbox 1001 778 1108 801; x_wconf 91' lang='grc'>10111111</span> <span class='ocrx_word' id='word_1_117' title='bbox 1136 768 1305 802; x_wconf 87' lang='lat' dir='ltr'><strong>observato</strong></span> <span class='ocrx_word' id='word_1_118' title='bbox 1331 770 1577 812; x_wconf 83' lang='lat' dir='ltr'><strong>eventorumque</strong></span> <span class='ocrx_word' id='word_1_119' title='bbox 1601 768 1703 814; x_wconf 83' lang='lat' dir='ltr'><strong>signis</strong></span> 
     </span>
    </p>
   </div>
   <div class='ocr_carea' id='block_1_2' title="bbox 733 121 877 129">
    <p class='ocr_par' dir='ltr' id='par_1_2' title="bbox 733 121 877 129">
     <span class='ocr_line' id='line_1_11' title="bbox 733 121 877 129; baseline 0 0"><span class='ocrx_word' id='word_1_120' title='bbox 733 121 877 129; x_wconf 95' lang='lat' dir='ltr'><strong> </strong></span> 
     </span>
    </p>
   </div>
   <div class='ocr_carea' id='block_1_3' title="bbox 1014 121 1159 129">
    <p class='ocr_par' dir='ltr' id='par_1_3' title="bbox 1014 121 1159 129">
     <span class='ocr_line' id='line_1_12' title="bbox 1014 121 1159 129; baseline 0 0"><span class='ocrx_word' id='word_1_121' title='bbox 1014 121 1159 129; x_wconf 95' lang='lat' dir='ltr'><strong> </strong></span> 
     </span>
    </p>
   </div>
   <div class='ocr_carea' id='block_1_4' title="bbox 196 829 1704 2141">
    <p class='ocr_par' dir='ltr' id='par_1_4' title="bbox 196 829 1704 1760">
     <span class='ocr_line' id='line_1_13' title="bbox 196 829 1704 876; baseline 0.002 -13"><span class='ocrx_word' id='word_1_122' title='bbox 196 829 284 863; x_wconf 84' lang='lat' dir='ltr'><strong>haud</strong></span> <span class='ocrx_word' id='word_1_123' title='bbox 299 829 459 875; x_wconf 77' lang='lat' dir='ltr'><strong>ambiguis</strong></span> <span class='ocrx_word' id='word_1_124' title='bbox 473 830 537 863; x_wconf 84' lang='lat' dir='ltr'><strong>vim</strong></span> <span class='ocrx_word' id='word_1_125' title='bbox 553 833 587 864; x_wconf 94' lang='lat' dir='ltr'><strong>et</strong></span> <span class='ocrx_word' id='word_1_126' title='bbox 601 833 747 863; x_wconf 86' lang='lat' dir='ltr'><strong>naturam</strong></span> <span class='ocrx_word' id='word_1_127' title='bbox 762 830 941 864; x_wconf 86' lang='lat' dir='ltr'><strong>zelotarnm</strong></span> <span class='ocrx_word' id='word_1_128' title='bbox 955 829 1144 876; x_wconf 76' lang='lat' dir='ltr'><strong>pestiferam</strong></span> <span class='ocrx_word' id='word_1_129' title='bbox 1157 829 1386 863; x_wconf 81' lang='lat' dir='ltr'><strong>declarantium</strong></span> <span class='ocrx_word' id='word_1_130' title='bbox 1397 831 1570 876; x_wconf 74' lang='lat' dir='ltr'><strong>perspecta</strong></span> <span class='ocrx_word' id='word_1_131' title='bbox 1582 841 1704 866; x_wconf 87' lang='lat' dir='ltr'><strong>conse·</strong></span> 
     </span>
     <span class='ocr_line' id='line_1_14' title="bbox 200 892 1700 940; baseline 0.001 -13"><span class='ocrx_word' id='word_1_132' title='bbox 200 893 336 939; x_wconf 73' lang='lat' dir='ltr'><strong>quentia</strong></span> <span class='ocrx_word' id='word_1_133' title='bbox 359 896 476 926; x_wconf 87' lang='lat' dir='ltr'><strong>contra</strong></span> <span class='ocrx_word' id='word_1_134' title='bbox 492 892 670 927; x_wconf 87' lang='lat' dir='ltr'><strong>factionem</strong></span> <span class='ocrx_word' id='word_1_135' title='bbox 691 904 802 927; x_wconf 87' lang='lat' dir='ltr'><strong>eorum</strong></span> <span class='ocrx_word' id='word_1_136' title='bbox 818 893 950 938; x_wconf 87' lang='lat' dir='ltr'><strong>eiusque</strong></span> <span class='ocrx_word' id='word_1_137' title='bbox 965 892 1120 927; x_wconf 89' lang='lat' dir='ltr'><strong>Ioannem</strong></span> <span class='ocrx_word' id='word_1_138' title='bbox 1135 892 1311 927; x_wconf 85' lang='lat' dir='ltr'><strong>antistitem</strong></span> <span class='ocrx_word' id='word_1_139' title='bbox 1333 892 1419 926; x_wconf 91' lang='lat' dir='ltr'><strong>omni</strong></span> <span class='ocrx_word' id='word_1_140' title='bbox 1443 903 1505 939; x_wconf 88' lang='lat' dir='ltr'><strong>ope</strong></span> <span class='ocrx_word' id='word_1_141' title='bbox 1517 892 1700 940; x_wconf 81' lang='lat' dir='ltr'><strong>insurgeret</strong></span> 
     </span>
     <span class='ocr_line' id='line_1_15' title="bbox 199 954 1698 1001; baseline 0.002 -11"><span class='ocrx_word' id='word_1_142' title='bbox 199 967 240 990; x_wconf 88' lang='lat' dir='ltr'><strong>ac</strong></span> <span class='ocrx_word' id='word_1_143' title='bbox 257 956 446 990; x_wconf 82' lang='lat' dir='ltr'><strong>decertaret</strong></span> <span class='ocrx_word' id='word_1_144' title='bbox 456 955 501 990; x_wconf 89' lang='grc' dir='ltr'><strong>Β.</strong></span> <span class='ocrx_word' id='word_1_145' title='bbox 514 954 545 989; x_wconf 87' lang='grc' dir='ltr'><strong>Ι.</strong></span> <span class='ocrx_word' id='word_1_146' title='bbox 559 957 595 998; x_wconf 90' lang='grc'>4,</span> <span class='ocrx_word' id='word_1_147' title='bbox 610 958 644 998; x_wconf 86' lang='grc'>3,</span> <span class='ocrx_word' id='word_1_148' title='bbox 662 958 696 989; x_wconf 87' lang='grc'><strong>9.</strong></span> <span class='ocrx_word' id='word_1_149' title='bbox 744 956 839 990; x_wconf 85' lang='lat' dir='ltr'><strong>Hanc</strong></span> <span class='ocrx_word' id='word_1_150' title='bbox 862 956 958 990; x_wconf 90' lang='lat' dir='ltr'><strong>talem</strong></span> <span class='ocrx_word' id='word_1_151' title='bbox 973 960 1155 1001; x_wconf 86' lang='lat' dir='ltr'><strong>tantamque</strong></span> <span class='ocrx_word' id='word_1_152' title='bbox 1172 959 1308 1001; x_wconf 88' lang='lat' dir='ltr'><strong>quatuor</strong></span> <span class='ocrx_word' id='word_1_153' title='bbox 1324 955 1461 989; x_wconf 86' lang='lat' dir='ltr'><strong>istorum</strong></span> <span class='ocrx_word' id='word_1_154' title='bbox 1483 967 1501 990; x_wconf 94' lang='lat' dir='ltr'><strong>e</strong></span> <span class='ocrx_word' id='word_1_155' title='bbox 1512 955 1698 993; x_wconf 85' lang='lat' dir='ltr'><strong>Pharisaeis</strong></span> 
     </span>
     <span class='ocr_line' id='line_1_16' title="bbox 199 1017 1700 1064; baseline 0.002 -11"><span class='ocrx_word' id='word_1_156' title='bbox 199 1020 385 1064; x_wconf 82' lang='lat' dir='ltr'><strong>legatorum</strong></span> <span class='ocrx_word' id='word_1_157' title='bbox 402 1018 633 1052; x_wconf 89' lang='lat' dir='ltr'><strong>auctoritatem</strong></span> <span class='ocrx_word' id='word_1_158' title='bbox 646 1022 834 1064; x_wconf 86' lang='lat' dir='ltr'><strong>reputantes</strong></span> <span class='ocrx_word' id='word_1_159' title='bbox 849 1019 878 1052; x_wconf 91' lang='lat' dir='ltr'><strong>si</strong></span> <span class='ocrx_word' id='word_1_160' title='bbox 893 1018 1148 1060; x_wconf 86' lang='lat' dir='ltr'><strong>meminerimus,</strong></span> <span class='ocrx_word' id='word_1_161' title='bbox 1175 1029 1232 1051; x_wconf 90' lang='lat' dir='ltr'><strong>eos</strong></span> <span class='ocrx_word' id='word_1_162' title='bbox 1254 1017 1350 1051; x_wconf 88' lang='lat' dir='ltr'><strong>simul</strong></span> <span class='ocrx_word' id='word_1_163' title='bbox 1369 1017 1514 1062; x_wconf 86' lang='lat' dir='ltr'><strong>singulos</strong></span> <span class='ocrx_word' id='word_1_164' title='bbox 1529 1023 1594 1053; x_wconf 88' lang='grc'>111111</span> <span class='ocrx_word' id='word_1_165' title='bbox 1610 1025 1700 1056; x_wconf 87' lang='lat' dir='ltr'><strong>ortus</strong></span> 
     </span>
     <span class='ocr_line' id='line_1_17' title="bbox 199 1080 1702 1131; baseline 0.001 -14"><span class='ocrx_word' id='word_1_166' title='bbox 199 1080 496 1127; x_wconf 85' lang='lat' dir='ltr'><strong>Hierosolymitani</strong></span> <span class='ocrx_word' id='word_1_167' title='bbox 517 1081 776 1127; x_wconf 85' lang='lat' dir='ltr'><strong>praerogativam</strong></span> <span class='ocrx_word' id='word_1_168' title='bbox 797 1094 875 1128; x_wconf 88' lang='lat' dir='ltr'><strong>prae</strong></span> <span class='ocrx_word' id='word_1_169' title='bbox 892 1094 931 1116; x_wconf 88' lang='lat' dir='ltr'><strong>se</strong></span> <span class='ocrx_word' id='word_1_170' title='bbox 952 1082 1066 1116; x_wconf 90' lang='lat' dir='ltr'><strong>tulisse</strong></span> <span class='ocrx_word' id='word_1_171' title='bbox 1086 1080 1143 1116; x_wconf 86' lang='lat' dir='ltr'><strong>vit.</strong></span> <span class='ocrx_word' id='word_1_172' title='bbox 1158 1082 1216 1116; x_wconf 83' lang='lat'><strong>39.</strong></span> <span class='ocrx_word' id='word_1_173' title='bbox 1237 1085 1303 1116; x_wconf 89' lang='lat' dir='ltr'><strong>tum</strong></span> <span class='ocrx_word' id='word_1_174' title='bbox 1325 1080 1496 1116; x_wconf 82' lang='lat' dir='ltr'><strong>facundiae</strong></span> <span class='ocrx_word' id='word_1_175' title='bbox 1512 1081 1608 1119; x_wconf 89' lang='lat' dir='ltr'><strong>lande</strong></span> <span class='ocrx_word' id='word_1_176' title='bbox 1624 1085 1702 1131; x_wconf 80' lang='lat' dir='ltr'><strong>pol-</strong></span> 
     </span>
     <span class='ocr_line' id='line_1_18' title="bbox 198 1143 1702 1191; baseline 0.001 -12"><span class='ocrx_word' id='word_1_177' title='bbox 198 1146 304 1179; x_wconf 86' lang='lat' dir='ltr'><strong>luisse</strong></span> <span class='ocrx_word' id='word_1_178' title='bbox 327 1144 370 1178; x_wconf 90' lang='lat' dir='ltr'><strong>B.</strong></span> <span class='ocrx_word' id='word_1_179' title='bbox 391 1143 422 1177; x_wconf 91' lang='lat' dir='ltr'><strong>I.</strong></span> <span class='ocrx_word' id='word_1_180' title='bbox 449 1146 482 1186; x_wconf 88' lang='lat'><strong>2,</strong></span> <span class='ocrx_word' id='word_1_181' title='bbox 507 1145 566 1186; x_wconf 89' lang='lat'><strong>21,</strong></span> <span class='ocrx_word' id='word_1_182' title='bbox 587 1147 609 1179; x_wconf 92' lang='lat'><strong>7</strong></span> <span class='ocrx_word' id='word_1_183' title='bbox 613 1168 644 1187; x_wconf 91' lang='lat'><strong>.,</strong></span> <span class='ocrx_word' id='word_1_184' title='bbox 669 1145 878 1190; x_wconf 81' lang='lat' dir='ltr'><strong>intelligitur,</strong></span> <span class='ocrx_word' id='word_1_185' title='bbox 910 1157 976 1178; x_wconf 87' lang='grc'>11011</span> <span class='ocrx_word' id='word_1_186' title='bbox 1000 1145 1103 1178; x_wconf 87' lang='lat' dir='ltr'><strong>solum</strong></span> <span class='ocrx_word' id='word_1_187' title='bbox 1128 1157 1189 1189; x_wconf 90' lang='lat' dir='ltr'><strong>quo</strong></span> <span class='ocrx_word' id='word_1_188' title='bbox 1208 1145 1279 1178; x_wconf 88' lang='grc'>11110</span> <span class='ocrx_word' id='word_1_189' title='bbox 1298 1144 1453 1187; x_wconf 87' lang='lat' dir='ltr'><strong>Ananus,</strong></span> <span class='ocrx_word' id='word_1_190' title='bbox 1477 1145 1586 1179; x_wconf 86' lang='lat' dir='ltr'><strong>Auani</strong></span> <span class='ocrx_word' id='word_1_191' title='bbox 1603 1146 1702 1191; x_wconf 83' lang='lat' dir='ltr'><strong>filius,</strong></span> 
     </span>
     <span class='ocr_line' id='line_1_19' title="bbox 200 1206 1704 1254; baseline 0.002 -11"><span class='ocrx_word' id='word_1_192' title='bbox 200 1207 360 1243; x_wconf 79' lang='lat' dir='ltr'><strong>Pontifex</strong></span> <span class='ocrx_word' id='word_1_193' title='bbox 381 1206 432 1241; x_wconf 90' lang='lat' dir='ltr'><strong>M.</strong></span> <span class='ocrx_word' id='word_1_194' title='bbox 456 1206 578 1241; x_wconf 83' lang='lat' dir='ltr'><strong>Albino</strong></span> <span class='ocrx_word' id='word_1_195' title='bbox 603 1208 809 1254; x_wconf 83' lang='lat' dir='ltr'><strong>procuratori</strong></span> <span class='ocrx_word' id='word_1_196' title='bbox 830 1208 965 1242; x_wconf 85' lang='lat' dir='ltr'><strong>maxime</strong></span> <span class='ocrx_word' id='word_1_197' title='bbox 988 1208 1161 1254; x_wconf 83' lang='lat' dir='ltr'><strong>probatus,</strong></span> <span class='ocrx_word' id='word_1_198' title='bbox 1195 1207 1251 1241; x_wconf 86' lang='lat' dir='ltr'><strong>vit.</strong></span> <span class='ocrx_word' id='word_1_199' title='bbox 1274 1209 1333 1242; x_wconf 82' lang='lat'><strong>39.</strong></span> <span class='ocrx_word' id='word_1_200' title='bbox 1356 1207 1399 1242; x_wconf 91' lang='grc' dir='ltr'><strong>Β.</strong></span> <span class='ocrx_word' id='word_1_201' title='bbox 1417 1207 1448 1242; x_wconf 91' lang='grc' dir='ltr'><strong>Ι.</strong></span> <span class='ocrx_word' id='word_1_202' title='bbox 1466 1210 1501 1251; x_wconf 88' lang='grc'>4,</span> <span class='ocrx_word' id='word_1_203' title='bbox 1516 1211 1550 1253; x_wconf 90' lang='lat'><strong>3,</strong></span> <span class='ocrx_word' id='word_1_204' title='bbox 1564 1212 1599 1244; x_wconf 88' lang='grc'><strong>9.</strong></span> <span class='ocrx_word' id='word_1_205' title='bbox 1619 1213 1654 1254; x_wconf 87' lang='grc'>4,</span> <span class='ocrx_word' id='word_1_206' title='bbox 1669 1214 1704 1246; x_wconf 87' lang='grc'><strong>3.</strong></span> 
     </span>
     <span class='ocr_line' id='line_1_20' title="bbox 200 1271 1704 1320; baseline 0.001 -13"><span class='ocrx_word' id='word_1_207' title='bbox 200 1273 297 1307; x_wconf 83' lang='lat' dir='ltr'><strong>Antt.</strong></span> <span class='ocrx_word' id='word_1_208' title='bbox 315 1273 373 1314; x_wconf 86' lang='lat'><strong>20,</strong></span> <span class='ocrx_word' id='word_1_209' title='bbox 391 1273 426 1313; x_wconf 87' lang='grc'>9,</span> <span class='ocrx_word' id='word_1_210' title='bbox 446 1274 478 1303; x_wconf 91' lang='lat' dir='ltr'><strong>l.</strong></span> <span class='ocrx_word' id='word_1_211' title='bbox 502 1282 560 1304; x_wconf 91' lang='lat' dir='ltr'><strong>eos</strong></span> <span class='ocrx_word' id='word_1_212' title='bbox 579 1282 658 1316; x_wconf 87' lang='lat' dir='ltr'><strong>prae</strong></span> <span class='ocrx_word' id='word_1_213' title='bbox 677 1272 797 1305; x_wconf 89' lang='lat' dir='ltr'><strong>ceteris</strong></span> <span class='ocrx_word' id='word_1_214' title='bbox 814 1272 944 1305; x_wconf 85' lang='lat' dir='ltr'><strong>summis</strong></span> <span class='ocrx_word' id='word_1_215' title='bbox 962 1271 1138 1304; x_wconf 87' lang='lat' dir='ltr'><strong>honoribus</strong></span> <span class='ocrx_word' id='word_1_216' title='bbox 1159 1271 1335 1314; x_wconf 86' lang='lat' dir='ltr'><strong>ornaverit,</strong></span> <span class='ocrx_word' id='word_1_217' title='bbox 1361 1271 1421 1305; x_wconf 84' lang='lat' dir='ltr'><strong>sed</strong></span> <span class='ocrx_word' id='word_1_218' title='bbox 1442 1272 1538 1306; x_wconf 88' lang='lat' dir='ltr'><strong>etiam</strong></span> <span class='ocrx_word' id='word_1_219' title='bbox 1557 1279 1704 1320; x_wconf 88' lang='lat' dir='ltr'><strong>apparet,</strong></span> 
     </span>
     <span class='ocr_line' id='line_1_21' title="bbox 201 1333 1703 1379; baseline 0.001 -8"><span class='ocrx_word' id='word_1_220' title='bbox 201 1348 261 1371; x_wconf 89' lang='lat' dir='ltr'><strong>cur</strong></span> <span class='ocrx_word' id='word_1_221' title='bbox 275 1334 378 1369; x_wconf 86' lang='lat' dir='ltr'><strong>iidem</strong></span> <span class='ocrx_word' id='word_1_222' title='bbox 389 1333 442 1367; x_wconf 90' lang='lat' dir='ltr'><strong>illi</strong></span> <span class='ocrx_word' id='word_1_223' title='bbox 456 1333 580 1367; x_wconf 90' lang='grc'>1111000</span> <span class='ocrx_word' id='word_1_224' title='bbox 596 1333 768 1379; x_wconf 84' lang='lat' dir='ltr'><strong>parallelo,</strong></span> <span class='ocrx_word' id='word_1_225' title='bbox 786 1334 840 1367; x_wconf 90' lang='lat' dir='ltr'><strong>ubi</strong></span> <span class='ocrx_word' id='word_1_226' title='bbox 856 1346 966 1367; x_wconf 88' lang='lat' dir='ltr'><strong>eorum</strong></span> <span class='ocrx_word' id='word_1_227' title='bbox 979 1334 1099 1368; x_wconf 86' lang='lat' dir='ltr'><strong>mentio</strong></span> <span class='ocrx_word' id='word_1_228' title='bbox 1115 1333 1202 1367; x_wconf 84' lang='lat' dir='ltr'><strong>sacta</strong></span> <span class='ocrx_word' id='word_1_229' title='bbox 1215 1337 1266 1367; x_wconf 91' lang='lat' dir='ltr'><strong>est</strong></span> <span class='ocrx_word' id='word_1_230' title='bbox 1277 1333 1317 1367; x_wconf 88' lang='grc' dir='ltr'><strong>Β.</strong></span> <span class='ocrx_word' id='word_1_231' title='bbox 1332 1333 1362 1367; x_wconf 89' lang='grc' dir='ltr'><strong>Ι.</strong></span> <span class='ocrx_word' id='word_1_232' title='bbox 1378 1335 1411 1377; x_wconf 89' lang='grc'>2,</span> <span class='ocrx_word' id='word_1_233' title='bbox 1426 1336 1484 1378; x_wconf 84' lang='grc'><strong>21,</strong></span> <span class='ocrx_word' id='word_1_234' title='bbox 1499 1337 1547 1378; x_wconf 89' lang='grc'><strong>7.,</strong></span> <span class='ocrx_word' id='word_1_235' title='bbox 1564 1337 1703 1372; x_wconf 87' lang='lat' dir='ltr'><strong>virormu</strong></span> 
     </span>
     <span class='ocr_line' id='line_1_22' title="bbox 199 1395 1702 1445; baseline 0.002 -13"><span class='ocrx_word' id='word_1_236' title='bbox 199 1398 379 1432; x_wconf 89' lang='lat' dir='ltr'><strong>illustrium</strong></span> <span class='ocrx_word' id='word_1_237' title='bbox 402 1396 624 1441; x_wconf 86' lang='lat' dir='ltr'><strong>appellatione</strong></span> <span class='ocrx_word' id='word_1_238' title='bbox 649 1398 819 1443; x_wconf 70' lang='grc' dir='ltr'><strong>(τέσσαρες</strong></span> <span class='ocrx_word' id='word_1_239' title='bbox 839 1398 904 1431; x_wconf 83' lang='grc' dir='ltr'><strong>τῶν</strong></span> <span class='ocrx_word' id='word_1_240' title='bbox 922 1398 1138 1444; x_wconf 81' lang='grc' dir='ltr'><strong><em>ἐπιφανῶν</em></strong></span> <span class='ocrx_word' id='word_1_241' title='bbox 1165 1395 1302 1445; x_wconf 78' lang='grc' dir='ltr'><em>ἄνδρες)</em></span> <span class='ocrx_word' id='word_1_242' title='bbox 1323 1397 1505 1443; x_wconf 85' lang='lat' dir='ltr'><strong>praedicari</strong></span> <span class='ocrx_word' id='word_1_243' title='bbox 1525 1401 1702 1444; x_wconf 89' lang='lat' dir='ltr'><strong>potuerint.</strong></span> 
     </span>
     <span class='ocr_line' id='line_1_23' title="bbox 198 1459 1703 1506; baseline 0.002 -12"><span class='ocrx_word' id='word_1_244' title='bbox 198 1461 352 1506; x_wconf 84' lang='lat' dir='ltr'><strong>Namque</strong></span> <span class='ocrx_word' id='word_1_245' title='bbox 366 1459 449 1492; x_wconf 90' lang='lat' dir='ltr'><strong>haec</strong></span> <span class='ocrx_word' id='word_1_246' title='bbox 468 1459 542 1504; x_wconf 89' lang='lat' dir='ltr'><strong>ipsa</strong></span> <span class='ocrx_word' id='word_1_247' title='bbox 557 1459 733 1504; x_wconf 85' lang='lat' dir='ltr'><strong>appellatio</strong></span> <span class='ocrx_word' id='word_1_248' title='bbox 749 1471 862 1492; x_wconf 84' lang='lat' dir='ltr'><strong>novam</strong></span> <span class='ocrx_word' id='word_1_249' title='bbox 877 1460 970 1492; x_wconf 89' lang='lat' dir='ltr'><strong>nobis</strong></span> <span class='ocrx_word' id='word_1_250' title='bbox 984 1471 1116 1504; x_wconf 88' lang='lat' dir='ltr'><strong>eamque</strong></span> <span class='ocrx_word' id='word_1_251' title='bbox 1130 1460 1305 1493; x_wconf 87' lang='lat' dir='ltr'><strong>notabilem</strong></span> <span class='ocrx_word' id='word_1_252' title='bbox 1322 1460 1432 1493; x_wconf 85' lang='lat' dir='ltr'><strong>sedem</strong></span> <span class='ocrx_word' id='word_1_253' title='bbox 1444 1467 1703 1506; x_wconf 84' lang='lat' dir='ltr'><strong>argumentorum</strong></span> 
     </span>
     <span class='ocr_line' id='line_1_24' title="bbox 201 1522 1703 1568; baseline 0.001 -10"><span class='ocrx_word' id='word_1_254' title='bbox 201 1527 384 1564; x_wconf 86' lang='lat' dir='ltr'><strong>monstrat,</strong></span> <span class='ocrx_word' id='word_1_255' title='bbox 419 1533 482 1567; x_wconf 87' lang='lat' dir='ltr'><strong>qua</strong></span> <span class='ocrx_word' id='word_1_256' title='bbox 503 1522 558 1566; x_wconf 92' lang='lat' dir='ltr'><strong>qui</strong></span> <span class='ocrx_word' id='word_1_257' title='bbox 581 1526 675 1554; x_wconf 88' lang='lat' dir='ltr'><strong>caute</strong></span> <span class='ocrx_word' id='word_1_258' title='bbox 700 1526 824 1564; x_wconf 83' lang='lat' dir='ltr'><strong>utatur,</strong></span> <span class='ocrx_word' id='word_1_259' title='bbox 859 1523 965 1567; x_wconf 89' lang='lat' dir='ltr'><strong>possit</strong></span> <span class='ocrx_word' id='word_1_260' title='bbox 984 1522 1176 1565; x_wconf 85' lang='lat' dir='ltr'><strong>noscendis,</strong></span> <span class='ocrx_word' id='word_1_261' title='bbox 1204 1534 1282 1568; x_wconf 89' lang='lat' dir='ltr'><strong>quas</strong></span> <span class='ocrx_word' id='word_1_262' title='bbox 1302 1522 1462 1568; x_wconf 82' lang='lat' dir='ltr'><strong>Iosephus</strong></span> <span class='ocrx_word' id='word_1_263' title='bbox 1484 1524 1524 1558; x_wconf 87' lang='lat' dir='ltr'><strong>de</strong></span> <span class='ocrx_word' id='word_1_264' title='bbox 1542 1524 1703 1559; x_wconf 88' lang='lat' dir='ltr'><strong>industria</strong></span> 
     </span>
     <span class='ocr_line' id='line_1_25' title="bbox 201 1584 1700 1634; baseline 0 -11"><span class='ocrx_word' id='word_1_265' title='bbox 201 1598 304 1634; x_wconf 84' lang='lat' dir='ltr'><strong>saepe</strong></span> <span class='ocrx_word' id='word_1_266' title='bbox 318 1585 371 1620; x_wconf 86' lang='lat' dir='ltr'><strong>vel</strong></span> <span class='ocrx_word' id='word_1_267' title='bbox 384 1584 572 1619; x_wconf 86' lang='lat' dir='ltr'><strong>obscuravit</strong></span> <span class='ocrx_word' id='word_1_268' title='bbox 584 1584 634 1619; x_wconf 90' lang='lat' dir='ltr'><strong>vel</strong></span> <span class='ocrx_word' id='word_1_269' title='bbox 649 1584 841 1628; x_wconf 87' lang='lat' dir='ltr'><strong>occultavit,</strong></span> <span class='ocrx_word' id='word_1_270' title='bbox 866 1584 1113 1619; x_wconf 84' lang='lat' dir='ltr'><strong>Pharisaeorum</strong></span> <span class='ocrx_word' id='word_1_271' title='bbox 1127 1586 1276 1632; x_wconf 86' lang='lat' dir='ltr'><strong>personis</strong></span> <span class='ocrx_word' id='word_1_272' title='bbox 1293 1586 1447 1632; x_wconf 86' lang='lat' dir='ltr'><strong>singulis,</strong></span> <span class='ocrx_word' id='word_1_273' title='bbox 1473 1587 1570 1621; x_wconf 89' lang='lat' dir='ltr'><strong>rebus</strong></span> <span class='ocrx_word' id='word_1_274' title='bbox 1590 1599 1700 1623; x_wconf 89' lang='lat' dir='ltr'><strong>eorum</strong></span> 
     </span>
     <span class='ocr_line' id='line_1_26' title="bbox 196 1648 1701 1696; baseline 0 -10"><span class='ocrx_word' id='word_1_275' title='bbox 196 1650 345 1686; x_wconf 85' lang='lat' dir='ltr'><strong>tenebris</strong></span> <span class='ocrx_word' id='word_1_276' title='bbox 364 1649 586 1682; x_wconf 87' lang='lat' dir='ltr'><strong>abstrusarum</strong></span> <span class='ocrx_word' id='word_1_277' title='bbox 600 1648 707 1681; x_wconf 90' lang='lat' dir='ltr'><strong>lucem</strong></span> <span class='ocrx_word' id='word_1_278' title='bbox 722 1648 846 1681; x_wconf 84' lang='lat' dir='ltr'><strong>afferre.</strong></span> <span class='ocrx_word' id='word_1_279' title='bbox 897 1648 965 1683; x_wconf 90' lang='lat' dir='ltr'><strong>Sed</strong></span> <span class='ocrx_word' id='word_1_280' title='bbox 980 1649 1040 1682; x_wconf 87' lang='lat' dir='ltr'><strong>hac</strong></span> <span class='ocrx_word' id='word_1_281' title='bbox 1053 1653 1145 1694; x_wconf 87' lang='lat' dir='ltr'><strong>parte</strong></span> <span class='ocrx_word' id='word_1_282' title='bbox 1160 1649 1195 1682; x_wconf 92' lang='lat' dir='ltr'><strong>iu</strong></span> <span class='ocrx_word' id='word_1_283' title='bbox 1214 1660 1370 1695; x_wconf 84' lang='lat' dir='ltr'><strong>praesens</strong></span> <span class='ocrx_word' id='word_1_284' title='bbox 1386 1650 1507 1684; x_wconf 87' lang='lat' dir='ltr'><strong>omissa</strong></span> <span class='ocrx_word' id='word_1_285' title='bbox 1520 1650 1701 1696; x_wconf 84' lang='lat' dir='ltr'><strong>redeamus,</strong></span> 
     </span>
     <span class='ocr_line' id='line_1_27' title="bbox 198 1711 1492 1760; baseline -0.002 -11"><span class='ocrx_word' id='word_1_286' title='bbox 198 1715 286 1749; x_wconf 85' lang='lat' dir='ltr'><strong>unde</strong></span> <span class='ocrx_word' id='word_1_287' title='bbox 304 1712 474 1760; x_wconf 85' lang='lat' dir='ltr'><strong>paulisper</strong></span> <span class='ocrx_word' id='word_1_288' title='bbox 490 1711 633 1757; x_wconf 85' lang='lat' dir='ltr'><strong>digressi</strong></span> <span class='ocrx_word' id='word_1_289' title='bbox 647 1722 756 1744; x_wconf 88' lang='lat' dir='ltr'><strong>sumus</strong></span> <span class='ocrx_word' id='word_1_290' title='bbox 772 1711 813 1744; x_wconf 87' lang='lat' dir='ltr'><strong>ad</strong></span> <span class='ocrx_word' id='word_1_291' title='bbox 825 1712 931 1746; x_wconf 89' lang='lat' dir='ltr'><strong>locum</strong></span> <span class='ocrx_word' id='word_1_292' title='bbox 946 1712 1077 1758; x_wconf 81' lang='lat' dir='ltr'><strong>Iosephi</strong></span> <span class='ocrx_word' id='word_1_293' title='bbox 1092 1712 1149 1746; x_wconf 86' lang='lat' dir='ltr'><strong>vit.</strong></span> <span class='ocrx_word' id='word_1_294' title='bbox 1164 1714 1222 1746; x_wconf 84' lang='lat'><strong>39.</strong></span> <span class='ocrx_word' id='word_1_295' title='bbox 1236 1713 1492 1759; x_wconf 79' lang='lat' dir='ltr'><strong>expendendum.</strong></span> 
     </span>
    </p>

    <p class='ocr_par' dir='ltr' id='par_1_5' title="bbox 198 1775 1701 2141">
     <span class='ocr_line' id='line_1_28' title="bbox 299 1775 1700 1822; baseline 0.002 -12"><span class='ocrx_word' id='word_1_296' title='bbox 299 1776 447 1810; x_wconf 86' lang='lat' dir='ltr'><strong>Primum</strong></span> <span class='ocrx_word' id='word_1_297' title='bbox 463 1775 549 1809; x_wconf 90' lang='grc'>0111111</span> <span class='ocrx_word' id='word_1_298' title='bbox 564 1775 753 1809; x_wconf 87' lang='lat' dir='ltr'><strong>testimonio</strong></span> <span class='ocrx_word' id='word_1_299' title='bbox 770 1775 939 1820; x_wconf 85' lang='lat' dir='ltr'><strong>scriptoris</strong></span> <span class='ocrx_word' id='word_1_300' title='bbox 957 1775 1018 1809; x_wconf 91' lang='grc'>11110</span> <span class='ocrx_word' id='word_1_301' title='bbox 1034 1775 1192 1818; x_wconf 81' lang='lat' dir='ltr'><strong>eflicitur,</strong></span> <span class='ocrx_word' id='word_1_302' title='bbox 1217 1775 1335 1822; x_wconf 83' lang='lat' dir='ltr'><strong>duplex</strong></span> <span class='ocrx_word' id='word_1_303' title='bbox 1350 1775 1453 1810; x_wconf 84' lang='lat' dir='ltr'><strong>fuisse</strong></span> <span class='ocrx_word' id='word_1_304' title='bbox 1469 1788 1570 1822; x_wconf 85' lang='lat' dir='ltr'><strong>genus</strong></span> <span class='ocrx_word' id='word_1_305' title='bbox 1582 1777 1700 1813; x_wconf 89' lang='lat' dir='ltr'><strong>Phari-</strong></span> 
     </span>
     <span class='ocr_line' id='line_1_29' title="bbox 198 1837 1701 1886; baseline 0 -10"><span class='ocrx_word' id='word_1_306' title='bbox 198 1852 352 1876; x_wconf 86' lang='lat' dir='ltr'><strong>saeorum</strong></span> <span class='ocrx_word' id='word_1_307' title='bbox 376 1839 542 1885; x_wconf 84' lang='lat' dir='ltr'><strong>plebeium</strong></span> <span class='ocrx_word' id='word_1_308' title='bbox 564 1838 720 1880; x_wconf 89' lang='lat' dir='ltr'><strong>alterum,</strong></span> <span class='ocrx_word' id='word_1_309' title='bbox 747 1837 882 1871; x_wconf 84' lang='lat' dir='ltr'><strong>alterum</strong></span> <span class='ocrx_word' id='word_1_310' title='bbox 902 1837 1124 1881; x_wconf 83' lang='lat' dir='ltr'><strong>sacerdotale,</strong></span> <span class='ocrx_word' id='word_1_311' title='bbox 1149 1849 1246 1883; x_wconf 83' lang='lat' dir='ltr'><strong>pares</strong></span> <span class='ocrx_word' id='word_1_312' title='bbox 1263 1838 1391 1883; x_wconf 85' lang='lat' dir='ltr'><strong>quidem</strong></span> <span class='ocrx_word' id='word_1_313' title='bbox 1403 1845 1556 1886; x_wconf 86' lang='lat' dir='ltr'><strong>utrosque</strong></span> <span class='ocrx_word' id='word_1_314' title='bbox 1571 1841 1611 1875; x_wconf 89' lang='lat' dir='ltr'><strong>ad</strong></span> <span class='ocrx_word' id='word_1_315' title='bbox 1625 1853 1701 1877; x_wconf 90' lang='lat' dir='ltr'><strong>ern-</strong></span> 
     </span>
     <span class='ocr_line' id='line_1_30' title="bbox 203 1899 1701 1951; baseline 0.001 -12"><span class='ocrx_word' id='word_1_316' title='bbox 203 1903 338 1939; x_wconf 88' lang='lat' dir='ltr'><strong>ditionis</strong></span> <span class='ocrx_word' id='word_1_317' title='bbox 360 1914 400 1938; x_wconf 87' lang='lat' dir='ltr'><strong>ac</strong></span> <span class='ocrx_word' id='word_1_318' title='bbox 417 1902 588 1938; x_wconf 85' lang='lat' dir='ltr'><strong>doctrinae</strong></span> <span class='ocrx_word' id='word_1_319' title='bbox 609 1900 739 1935; x_wconf 90' lang='lat' dir='ltr'><strong>laudem</strong></span> <span class='ocrx_word' id='word_1_320' title='bbox 759 1899 975 1934; x_wconf 78' lang='lat' dir='ltr'><strong>scholasticae</strong></span> <span class='ocrx_word' id='word_1_321' title='bbox 995 1902 1183 1947; x_wconf 79' lang='grc' dir='ltr'>(παιδείαν)</span> <span class='ocrx_word' id='word_1_322' title='bbox 1199 1901 1347 1947; x_wconf 85' lang='lat' dir='ltr'><strong>legisque</strong></span> <span class='ocrx_word' id='word_1_323' title='bbox 1361 1901 1531 1938; x_wconf 86' lang='lat' dir='ltr'><strong>Mosaieae</strong></span> <span class='ocrx_word' id='word_1_324' title='bbox 1547 1915 1701 1951; x_wconf 82' lang='lat' dir='ltr'><strong>perseru-</strong></span> 
     </span>
     <span class='ocr_line' id='line_1_31' title="bbox 202 1964 1700 2015; baseline 0.001 -13"><span class='ocrx_word' id='word_1_325' title='bbox 202 1969 320 2003; x_wconf 80' lang='lat' dir='ltr'><strong>tandae</strong></span> <span class='ocrx_word' id='word_1_326' title='bbox 352 1972 499 2014; x_wconf 87' lang='lat' dir='ltr'><strong>argutam</strong></span> <span class='ocrx_word' id='word_1_327' title='bbox 528 1965 760 2006; x_wconf 82' lang='lat' dir='ltr'><strong>subtilitatem,</strong></span> <span class='ocrx_word' id='word_1_328' title='bbox 795 1964 942 2009; x_wconf 90' lang='lat' dir='ltr'><strong>dispares</strong></span> <span class='ocrx_word' id='word_1_329' title='bbox 973 1970 1078 1999; x_wconf 88' lang='lat' dir='ltr'><strong>autem</strong></span> <span class='ocrx_word' id='word_1_330' title='bbox 1106 1976 1144 1998; x_wconf 81' lang='lat' dir='ltr'><strong>ac</strong></span> <span class='ocrx_word' id='word_1_331' title='bbox 1172 1964 1346 1999; x_wconf 86' lang='lat' dir='ltr'><strong>dissimiles</strong></span> <span class='ocrx_word' id='word_1_332' title='bbox 1374 1965 1416 1999; x_wconf 88' lang='lat' dir='ltr'><strong>ad</strong></span> <span class='ocrx_word' id='word_1_333' title='bbox 1444 1967 1574 2012; x_wconf 87' lang='lat' dir='ltr'><strong>generis</strong></span> <span class='ocrx_word' id='word_1_334' title='bbox 1602 1972 1700 2015; x_wconf 85' lang='lat' dir='ltr'><strong>atque</strong></span> 
     </span>
     <span class='ocr_line' id='line_1_32' title="bbox 202 2027 1700 2079; baseline 0.001 -13"><span class='ocrx_word' id='word_1_335' title='bbox 202 2033 357 2067; x_wconf 87' lang='lat' dir='ltr'><strong>natalium</strong></span> <span class='ocrx_word' id='word_1_336' title='bbox 388 2030 650 2078; x_wconf 83' lang='lat' dir='ltr'><strong>praerogativam</strong></span> <span class='ocrx_word' id='word_1_337' title='bbox 678 2029 753 2062; x_wconf 87' lang='lat' dir='ltr'><strong>unis</strong></span> <span class='ocrx_word' id='word_1_338' title='bbox 780 2040 819 2062; x_wconf 84' lang='lat' dir='ltr'><strong>ac</strong></span> <span class='ocrx_word' id='word_1_339' title='bbox 856 2028 936 2062; x_wconf 90' lang='lat' dir='ltr'><strong>solis</strong></span> <span class='ocrx_word' id='word_1_340' title='bbox 965 2027 1187 2063; x_wconf 86' lang='lat' dir='ltr'><strong>sacerdotibus</strong></span> <span class='ocrx_word' id='word_1_341' title='bbox 1216 2028 1422 2075; x_wconf 87' lang='lat' dir='ltr'><strong>peculiarem.</strong></span> <span class='ocrx_word' id='word_1_342' title='bbox 1478 2029 1640 2079; x_wconf 84' lang='lat' dir='ltr'><strong>Exempla</strong></span> <span class='ocrx_word' id='word_1_343' title='bbox 1666 2031 1700 2067; x_wconf 88' lang='lat' dir='ltr'><strong>in</strong></span> 
     </span>
     <span class='ocr_line' id='line_1_33' title="bbox 203 2091 1699 2141; baseline 0 -12"><span class='ocrx_word' id='word_1_344' title='bbox 203 2100 370 2141; x_wconf 86' lang='lat' dir='ltr'><strong>utramque</strong></span> <span class='ocrx_word' id='word_1_345' title='bbox 391 2099 518 2141; x_wconf 85' lang='lat' dir='ltr'><strong>partem</strong></span> <span class='ocrx_word' id='word_1_346' title='bbox 542 2093 710 2129; x_wconf 86' lang='lat' dir='ltr'><strong>afferenda</strong></span> <span class='ocrx_word' id='word_1_347' title='bbox 733 2103 801 2126; x_wconf 91' lang='lat' dir='ltr'><strong>rem</strong></span> <span class='ocrx_word' id='word_1_348' title='bbox 821 2092 1040 2129; x_wconf 89' lang='lat' dir='ltr'><strong>illustrabunt.</strong></span> <span class='ocrx_word' id='word_1_349' title='bbox 1084 2091 1345 2127; x_wconf 88' lang='lat' dir='ltr'><strong>Plebeiorum</strong></span> <span class='ocrx_word' id='word_1_350' title='bbox 1368 2104 1409 2127; x_wconf 83' lang='lat' dir='ltr'><strong>ex</strong></span> <span class='ocrx_word' id='word_1_351' title='bbox 1429 2104 1560 2129; x_wconf 90' lang='lat' dir='ltr'><strong>numero</strong></span> <span class='ocrx_word' id='word_1_352' title='bbox 1579 2094 1699 2129; x_wconf 83' lang='lat' dir='ltr'><strong>Phari·</strong></span> 
     </span>
    </p>
   </div>
  </div>
 </body>
</html>
