1947 2424
970 124 1240 167 20—-

260 231 311 267 M.
332 229 467 263 Romam
486 226 528 260 ad
549 225 725 260 Caesarem
753 224 927 259 missorum
952 224 1039 274 ὑπὲρ
1070 224 1228 274 ἀιτήσεως
1252 226 1459 274 ἀυτονομίας
1477 226 1522 261 Β.
1543 224 1579 260 4Ῑ.
1604 227 1639 270 2,
1660 228 1697 270 6,
1714 229 1756 261 -1.

259 293 351 328 Antt.
370 293 425 335 17,
444 293 499 333 11,
516 292 549 323 1.
585 287 734 334 Namque
751 288 1044 335 quinquagenarius
1057 302 1209 326 numerus
1226 291 1400 327 secundum
1412 301 1615 325 numerorum
1629 289 1757 326 doctri·-

258 368 330 390 nam
342 354 564 388 Pharisaicam
578 352 756 397 symbolice
768 352 894 386 indicat
908 351 965 402 ἄφ
973 366 1066 389 εσιν
1077 357 1135 390 καὶ
1148 357 1345 405 ἐλευθερίαν
1357 354 1500 403 παντελῆ
1511 355 1568 390 καὶ
1582 352 1756 390 ἐπάνοδον

257 424 304 463 εἰς
323 418 384 461 τὰς
402 417 546 464 ἀρχαίας
559 414 665 464 λήξεις
684 417 768 460 203,
783 418 843 451 42.
862 416 975 452 Levit.
990 418 1049 462 25,
1064 420 1086 453 8
1101 431 1174 465 sqq.
1191 421 1249 463 27,
1267 422 1310 455 17
1323 431 1371 465 sq.
1389 419 1445 454 cll.
1463 420 1497 463 2,
1513 419 1595 461 392,
1614 420 1646 452 1.
1661 416 1756 453 Arm.

259 486 292 527 2,
309 483 389 517 208.
404 481 499 516 Antt.
513 482 550 525 3,
567 482 624 525 12,
641 482 676 515 3.
692 480 748 515 cll.
766 482 801 524 4,
816 481 852 525 8,
867 482 926 515 28.
946 480 966 517 ὁ
988 482 1282 529 πεντηκοστὸς
1301 481 1454 527 ἐνιαυτὸς
1466 480 1756 531 καλεῖταιἸώβη-

256 550 343 590 λος,
368 550 404 582 ἐν
424 544 450 593 ᾧ
473 547 509 582 οἵ
529 559 565 581 τε
583 546 754 594 χρεῶσται
773 559 800 580 τ.
824 546 968 582 δανείων
991 546 1199 583 ἀπολύονται
1220 549 1276 583 καὶ
1296 551 1332 583 οἱ
1350 546 1566 591 δουλεύοντες
1580 545 1757 595 ἐλεύθεροι

255 612 414 658 ἀφίενται.
462 608 596 643 Deinde
617 609 670 643 ius
692 609 1080 646 administrationis
1103 612 1298 658 competisse
1313 608 1500 645 Pharisaeis
1517 615 1608 658 patet
1622 622 1663 646 ex
1679 612 1756 645 loco

254 673 391 721 Iosephi
403 673 447 708 B.
464 672 496 709 I.
515 675 550 718 2,
569 674 628 718 20,
644 674 679 708 4.
697 672 737 708 de
756 674 953 720 provinciis,
980 687 1061 721 quae
1083 675 1228 722 singulae
1252 675 1387 721 singulis
1408 673 1597 710 Pharisaeis
1619 675 1759 710 admini-

255 737 409 771 strandae
425 737 609 770 traduntur.
659 735 700 769 In
714 736 800 771 hunc
814 748 945 771 censum
960 738 1091 772 veniunt
1105 738 1170 771 alia
1184 741 1353 783 praeterea
1368 738 1456 780 iura,
1480 737 1554 771 dico
1568 738 1696 772 insius
1705 738 1758 771 ti-

254 800 442 835 tutionis
463 800 680 847 publicae,
705 801 1004 848 propagandae
1026 800 1144 844 fidei,
1165 805 1530 847 portentorumque
1549 800 1760 846 interpre-

256 864 495 907 tandorum,
522 867 563 897 et
582 862 850 899 factitandae
872 864 1103 898 medicinae
1124 864 1319 910 magicae.
1350 863 1510 910 Exempla
1525 874 1593 897 rem
1608 863 1759 897 illustra-

256 929 351 962 bunt.
388 927 407 961 I
414 940 436 961 u
444 939 463 961 v
472 939 490 962 e
498 939 520 961 n
527 930 541 961 t
548 939 570 961 u
578 927 634 960 tis
655 939 672 961 e
681 939 699 961 r
706 939 727 961 ιι
736 928 774 962 di
782 940 800 962 e
807 940 828 962 n
839 928 859 961 d
868 940 887 962 a
896 940 913 962 e
929 928 1075 973 legisque
1092 928 1289 962 enarrandae
1306 931 1339 962 et
1353 926 1572 973 explanandae
1583 927 1758 972 magistros

258 992 416 1027 habemus
434 989 562 1034 Iudam,
584 990 772 1039 Sariphaei,
792 996 825 1026 et
839 991 1023 1034 Matthiam,
1039 990 1236 1036 Margalothi
1250 990 1361 1035 filium,
1384 990 1564 1034 Rabbinos,
1590 1002 1671 1036 quos
1687 989 1758 1024 Ios.

261 1056 356 1090 Antt.
376 1057 433 1099 17,
450 1056 484 1098 6,
501 1056 523 1088 2
543 1054 729 1102 descriptos
752 1055 842 1089 dedit
859 1059 895 1089 ut
917 1053 1047 1101 ἄνδρας
1059 1055 1105 1100 τῷ
1123 1052 1220 1102 δήμῳ
1233 1056 1420 1103 προςφιλεῖς
1437 1052 1497 1090 διὰ
1518 1054 1678 1090 παιδείαν
1695 1053 1758 1090 τοῦ

260 1123 440 1169 νεωτέρου·
467 1118 631 1168 ὁσημέραι
653 1133 680 1164 y.
702 1121 899 1167 διημέρευον
920 1117 1033 1162 αὐτοῖς
1053 1117 1177 1162 πάντες
1194 1120 1245 1162 οἷς
1262 1119 1481 1167 προςποίησις
1501 1115 1619 1167 ἀρετῆς
1637 1121 1759 1167 ἐπετη-

262 1183 403 1226 δεύετο,
428 1187 462 1217 et
483 1172 559 1217 loco
579 1184 740 1230 parallelo
763 1184 805 1218 Β.
823 1183 853 1218 Ι.
873 1186 904 1226 l,
920 1185 977 1226 33,
995 1185 1016 1217 2
1039 1183 1078 1217 de
1098 1183 1214 1218 iisdem
1235 1183 1384 1229 scripsit:
1416 1182 1549 1227 τούτοις
1572 1181 1634 1218 οὐκ
1656 1180 1759 1228 ὀλίγοι

260 1246 458 1296 προσῄεσαν
477 1247 544 1281 τῶν
565 1249 648 1282 νέων
668 1247 899 1293 ἐξηγουμένοις
919 1244 1000 1289 τοὺς
1014 1244 1138 1291 νόμους
1160 1247 1216 1281 καὶ
1231 1246 1377 1293 συνῆγον
1392 1245 1553 1294 ὁσημέραι
1574 1245 1639 1281 τῶν
1653 1243 1760 1294 ἡβών-

260 1326 329 1348 των
347 1324 425 1359 στρ
435 1310 514 1346 ατό
522 1324 572 1346 πε
581 1311 605 1345 δ
614 1323 634 1344 ο
643 1323 662 1344 ν
684 1309 728 1344 cf.
747 1309 839 1343 Arm.
856 1310 889 1351 2,
906 1311 951 1343 47
955 1311 975 1343 7
979 1334 988 1343 .
1039 1308 1223 1344 Gratuitam
1237 1313 1342 1343 autem
1355 1309 1457 1343 fuisse
1474 1309 1694 1343 Rabbinorum
1706 1310 1761 1343 in-

262 1376 488 1418 stitutionem,
512 1385 576 1419 quo
593 1372 841 1408 Socraticorum
855 1384 944 1406 more
964 1384 983 1406 a
998 1372 1154 1418 sophistis
1168 1372 1439 1416 discernerentur,
1464 1373 1577 1407 utiam
1591 1372 1672 1406 alias
1687 1385 1761 1406 mo-

262 1440 412 1482 nuimus,
438 1438 489 1472 vel
505 1448 570 1471 uno
584 1436 681 1470 Pauli
696 1435 838 1482 apostoli
855 1435 1002 1481 exemplo
1022 1439 1151 1470 constat
1170 1439 1185 1469 l
1205 1435 1300 1470 Corr-
1317 1438 1351 1479 9,
1366 1437 1498 1470 4-23.
1522 1435 1566 1470 cf.
1582 1435 1760 1470 Hartmann

269 1503 493 1545 Verbindunq
506 1502 536 1535 d.
551 1501 595 1536 A.
615 1501 651 1535 Τ.
667 1501 729 1533 mit
744 1500 774 1533 d.
789 1500 827 1534 N.
842 1511 876 1545 p.
893 1500 975 1533 409.
1026 1498 1155 1534 Scimus
1167 1499 1256 1543 item,
1280 1504 1487 1546 praeceptum
1503 1499 1651 1545 decalogi
1665 1500 1761 1545 quin-

262 1573 353 1611 tum,
376 1566 429 1600 vel
444 1565 639 1599 nosti-atium
652 1574 743 1597 more
760 1562 985 1609 computandi,
1011 1567 1173 1608 quartmn,
1198 1563 1306 1597 sedem
1325 1563 1427 1597 fuisse
1449 1563 1701 1610 disputationum
1721 1562 1760 1597 de

257 1632 494 1678 magistrorum
509 1633 606 1674 atque
620 1627 853 1673 discipulorum
869 1627 984 1660 mutuis
1003 1626 1122 1660 officiis
1135 1627 1199 1661 vid.
1218 1629 1251 1670 2,
1267 1628 1349 1670 207,
1366 1629 1423 1662 22.
1437 1630 1474 1661 ut
1485 1626 1567 1660 nihil
1583 1626 1700 1671 dicam,
1723 1638 1762 1662 ea

263 1694 377 1730 multis
389 1693 475 1728 locis
488 1691 642 1727 Mishnae
657 1689 799 1736 graviter
812 1689 967 1724 inculcari
983 1689 1034 1724 ed.
1050 1688 1217 1725 Surenhus
1228 1689 1292 1735 IV,
1306 1691 1390 1725 410.
1400 1691 1575 1726 411.415.
1585 1691 1670 1726 427.
1679 1692 1761 1726 487.

263 1759 322 1793 Ius
338 1772 360 1805 p
369 1770 414 1791 ro
421 1770 443 1803 p
452 1768 499 1802 ag
507 1768 553 1790 an
562 1756 582 1789 d
590 1767 610 1789 a
619 1767 637 1789 e
651 1755 667 1788 f
670 1755 682 1788 i
692 1754 712 1787 d
722 1753 778 1796 ei,
805 1752 928 1786 abunde
942 1753 1022 1786 illud
1036 1758 1187 1787 testatum
1201 1754 1276 1787 loco
1294 1753 1394 1787 Mtth.
1412 1755 1471 1797 23,
1487 1755 1543 1788 15.
1558 1766 1652 1799 quum
1667 1759 1761 1789 aucto

264 1821 462 1857 Iudaeorum
480 1830 617 1853 numero
639 1822 673 1852 et
691 1815 831 1850 nominis
854 1815 1008 1861 splendor
1026 1816 1152 1850 Iudaici
1174 1819 1208 1850 et
1229 1815 1304 1850 fidei
1323 1816 1497 1850 obstinatio
1515 1820 1549 1850 et
1563 1816 1762 1852 hierarchiae

267 1898 349 1934 opes
369 1889 404 1920 et
423 1883 543 1919 aerarii
560 1882 649 1917 sacri
669 1878 844 1926 vectigalia
857 1878 968 1925 (Antt.
987 1881 1042 1923 14,
1059 1881 1093 1924 7,
1110 1880 1149 1926 2)
1166 1891 1249 1914 nova
1269 1879 1364 1914 simul
1380 1879 1578 1915 incrementa
1596 1887 1761 1928 caperent,

268 1950 351 1985 adeo
376 1959 475 1983 curae
495 1947 653 1992 cordique
674 1943 864 1978 Pharisaeis
885 1942 965 1986 fuit,
989 1947 1025 1976 ut
1043 1955 1108 1977 non
1125 1943 1222 1977 modo
1244 1944 1354 1989 regiae
1373 1944 1491 1990 stirpes
1511 1944 1763 1990 Adiabenorum,

273 2012 423 2057 Cilicum,
446 2011 684 2046 Emesaeorum
697 2012 929 2053 matronaeque
944 2005 1164 2041 Romanorum
1178 2007 1323 2042 illustres
1337 2019 1375 2043 ac
1385 2007 1568 2044 Caesareae
1582 2009 1625 2044 ad
1640 2010 1767 2057 ample-

274 2076 390 2112 ctenda
404 2087 500 2111 sacra
510 2074 648 2109 Iudaica
661 2073 895 2121 pellicerentur
910 2069 1020 2116 (Antt.
1035 2072 1092 2114 20,
1109 2072 1143 2114 2,
1158 2072 1181 2105 4
1192 2083 1244 2117 sq.
1260 2072 1295 2115 7,
1314 2074 1345 2106 l.
1360 2074 1395 2107 3.
1410 2073 1445 2116 8,
1461 2075 1517 2107 11.
1534 2075 1590 2118 18,
1606 2075 1641 2118 3,
1657 2073 1692 2108 5.
1705 2072 1765 2107 vit.

275 2140 349 2188 3.)‚
374 2140 433 2175 sed
448 2140 546 2175 etiam
558 2130 792 2174 Idumaeomm'
801 2136 1067 2180 Ituraeorumque
1081 2134 1192 2182 populi
1205 2146 1264 2183 per
1274 2136 1336 2172 vim
1353 2134 1552 2184 metumque,
1576 2142 1613 2174 ut
1624 2136 1660 2172 id
1672 2136 1767 2172 face·
