1947 2424
218 199 367 237 Herodes
386 197 436 234 M.
456 201 521 231 tum
540 198 737 241 propterea,
768 192 856 239 quod
876 193 1053 240 instigatus
1073 207 1093 229 a
1112 194 1298 231 Pharisacis
1311 192 1482 239 Hyrcanas
1495 193 1714 236 PenfflaM,

220 262 382 300 Herodem
396 259 636 294 adolescentem
651 260 787 305 propter
802 256 968 302 Ezekiae,
986 258 1186 307 praedonum
1201 257 1310 302 ducis,
1329 256 1454 299 indicta
1467 268 1568 292 causa
1578 258 1621 298 ab
1637 259 1712 306 ipso

219 327 320 362 occisi
333 324 462 359 caedem
476 324 511 358 iu
525 322 643 368 capitis
659 322 840 368 periculum
856 322 1068 367 adduxisset,
1092 322 1232 368 synedrii
1251 310 1456 365 assessores,
1475 333 1540 356 uno
1560 327 1713 368 excepto,

220 389 356 432 Samea,
385 398 495 421 omnes
516 397 534 420 e
555 384 663 420 medio
688 385 821 421 sustulit
840 385 953 432 (Antta
969 387 1025 431 14,
1041 388 1076 431 9,
1092 388 1127 421 3.
1143 387 1179 421 4.
1200 385 1243 421 Β.
1257 384 1289 420 Ι.
1310 387 1346 429 1,
1361 386 1417 430 10,
1432 385 1558 432 6-9),
1581 388 1649 420 tum
1663 384 1715 422 Μ.

216 451 352 488 Antonii
363 449 519 484 triumviri
533 449 642 495 gratia
657 449 786 484 adiutus
801 454 1027 485 accusatorum
1040 450 1144 497 ipsius
1158 449 1408 484 Pharisaeorum
1417 460 1563 495 magnam
1575 448 1716 495 Ephesi,

220 514 434 557 Antiochiae,
462 512 546 558 Tyri
567 517 713 559 stragem.
725 513 830 549 edidit
843 513 954 560 (Antt.
967 515 1024 557 14,
1036 515 1092 557 12,
1109 515 1144 548 2.
1166 515 1221 557 13,
1240 517 1272 548 l.
1288 513 1354 559 2.)‚
1372 516 1438 547 tum
1452 513 1637 548 coniuratos
1654 512 1717 547 ad-

218 589 329 613 versus
351 577 449 611 vitam
468 587 666 623 regnumque
688 577 795 624 ipsius
815 589 888 611 cum
911 576 1059 611 Pherora
1079 576 1181 611 fratre
1201 576 1397 610 Pharisaeos
1421 577 1582 623 supplicio
1607 577 1717 611 affecit

219 642 332 687 (Antt.
351 643 407 684 17,
423 643 458 674 2.
470 641 546 686 4.),
570 644 637 675 tum
656 640 831 676 Matthiam
847 640 1027 675 Rabbinum
1048 652 1120 674 cum
1141 640 1309 686 discipulis
1331 643 1467 686 propter
1488 640 1654 688 dereptam
1677 642 1717 676 de

219 708 317 751 porta
330 704 443 751 templi
456 704 598 751 aquilam
611 715 743 739 auream
756 704 845 738 vivos
859 703 1001 738 comburi
1014 703 1111 737 iussit
1126 703 1236 748 (Antt.
1256 704 1312 746 17,
1326 703 1360 746 6,
1377 703 1484 736 2-4.
1503 703 1547 738 Β.
1559 703 1590 739 Ι.
1610 708 1642 749 1,
1658 706 1717 750 33,

220 768 348 814 2-4).
380 767 486 812 Quam
496 768 584 803 inter
595 767 794 802 Pharisaeos
811 766 1031 810 consiliorum,
1052 765 1242 810 studiorum,
1260 765 1400 800 fatorum
1416 766 1607 801 societatem
1623 780 1719 814 quum

214 832 436 878 improbabile
452 832 497 866 sit
511 832 680 866 fortuitam
694 831 817 874 fuisse,
837 831 933 864 rebus
945 830 979 862 in
991 829 1078 863 facto
1091 829 1210 876 positis
1226 829 1400 872 evincitur,
1429 830 1563 875 collegii
1584 831 1719 865 ordina·

223 895 282 929 tim
303 895 421 929 structi
436 894 568 930 sodales
585 894 701 929 fuisse.

325 963 500 997 Postremo
521 959 623 993 mira
651 957 870 993 doctrinae
896 956 1115 992 consensio
1135 960 1256 1002 atque
1281 957 1528 992 constantia
1554 959 1717 995 animo·

221 1037 394 1073 rumque
434 1022 663 1059 concordia
697 1020 975 1056 animadvertenda
1008 1024 1077 1064 est,
1117 1022 1181 1066 qua
1207 1020 1355 1055 omnibus
1381 1020 1519 1056 vinculis
1550 1022 1716 1059 devinctos

224 1097 324 1138 atque
339 1089 538 1125 constrictos
554 1087 660 1121 teneri
672 1085 867 1121 Pharisaeos
879 1085 1033 1119 videmus.
1073 1084 1121 1119 Et
1135 1084 1302 1120 doctrinae
1314 1083 1443 1131 quidem
1455 1088 1718 1133 consensionem,

227 1167 322 1202 quam
340 1164 401 1200 per
422 1154 534 1198 partes
555 1150 591 1184 in
611 1160 765 1195 praesens
782 1149 886 1183 verbis
901 1149 1032 1194 exsequi
1046 1159 1106 1183 nec
1118 1151 1211 1182 vacat
1229 1159 1291 1183 nec
1313 1148 1403 1183 lubet
1409 1173 1421 1193 ‚
1445 1149 1527 1183 nihil
1550 1151 1719 1197 quicquam

225 1216 422 1253 luculentius
439 1212 603 1257 ostendit,
625 1224 718 1259 quam
731 1212 889 1246 solemnes
903 1211 1033 1246 Philoni
1051 1211 1178 1246 indices
1199 1211 1269 1246 eius
1289 1210 1462 1247 formulae.
1480 1215 1564 1257 411,
1579 1215 1613 1248 2.
1629 1213 1718 1250 Gen.

226 1283 287 1325 42,
316 1283 373 1315 11.
393 1276 477 1322 τοὺς
497 1279 672 1323 λέγοντας·
701 1273 855 1319 πάντες
882 1276 1003 1321 ἐςμὲν
1032 1276 1120 1312 υἱοὶ
1145 1273 1243 1319 ἑνὸς
1269 1272 1525 1324 ἀνθρώπου,
1557 1281 1723 1327 εἰρηνικοί

226 1349 324 1391 ἐςμεν
344 1341 554 1388 τεθαύμακα
574 1342 635 1389 τῆς
654 1337 863 1388 εὐαρμόστου
886 1340 1087 1388 συμφωνίας-
1115 1340 1198 1382 427,
1214 1341 1236 1373 9
1251 1339 1290 1373 it.
1309 1341 1344 1384 2,
1356 1341 1442 1384 417,
1458 1342 1516 1376 33.
1536 1339 1718 1392 ἀδελφοὶ

227 1405 498 1455 ὁμοπάτριοι
525 1402 690 1446 πάντες.
716 1404 797 1445 413,
820 1404 876 1437 28.
896 1402 940 1436 cf.
960 1404 1019 1437 40.
1040 1401 1138 1437 Num.
1159 1404 1217 1445 31,
1236 1404 1295 1437 49.
1321 1401 1371 1440 οὐ
1397 1403 1720 1454 δίαπεφώνηκεν

228 1470 369 1509 αὐτῶν
394 1467 496 1507 οὐδὲ·
524 1469 584 1511 εἷς
613 1464 684 1502 ἀλλ’
708 1464 812 1514 ὥςπερ
835 1464 878 1502 τὰ
905 1466 1067 1515 μουσικῆς
1092 1463 1221 1514 ὄργανα
1241 1463 1349 1515 ἄκρως
1368 1465 1563 1516 ἡρμοςμένα
1584 1470 1671 1507 πᾶσι
1691 1485 1720 1513 t.

229 1534 422 1586 φθόγγοις,
448 1532 555 1575 οὕτως
575 1530 669 1579 ἡμεῖς
686 1528 815 1573 πάσαις
826 1544 856 1565 τ.
871 1528 1051 1579 ὑφηγήσεσι
1067 1527 1311 1578 συνηχήσαμεν.
1330 1531 1369 1566 it.
1383 1532 1466 1576 375,
1484 1534 1540 1568 10.
1561 1534 1644 1579 595,
1663 1538 1719 1571 16.

227 1601 322 1636 Arm.
340 1601 373 1643 2,
388 1599 472 1632 496.
493 1595 606 1631 Exod.
625 1596 684 1638 24,
702 1597 756 1628 ll.
773 1594 818 1628 ih.
833 1596 915 1628 494.
939 1596 972 1638 2,
986 1596 1068 1638 679,
1084 1596 1142 1628 21.
1166 1594 1211 1629 cf.
1235 1593 1347 1630 Strui».
1373 1596 1428 1639 15,
1454 1599 1486 1630 l.
1509 1609 1544 1643 p.
1569 1599 1636 1632 291
1661 1598 1721 1635 fin.

232 1664 325 1708 Τοὺς
345 1666 383 1699 B
388 1675 408 1710 ρ
417 1660 615 1707 αχμᾶνας
634 1655 842 1702 εὐδοκιμεῖν,
863 1658 989 1703 μᾶλλον
1001 1658 1065 1706 γὰρ
1078 1658 1134 1692 καὶ
1147 1656 1322 1704 ὁμολογεῖν
1335 1661 1372 1693 ἐν
1382 1672 1413 1693 τ.
1426 1657 1604 1705 δόγμασιν,
1639 1661 1720 1697 Fir.

226 1729 350 1765 mitafis
369 1730 476 1762 antem
497 1736 537 1759 ac
561 1721 749 1758 stabilitatis
771 1721 840 1755 cius
861 1721 1084 1756 consensionis
1107 1708 1328 1756 columina‘ac
1345 1722 1485 1769 pignora
1503 1723 1634 1761 fuerunt
1653 1739 1719 1763 non

227 1796 352 1828 tantum
373 1789 574 1835 singulorum
594 1785 755 1820 sodalium
776 1784 921 1819 voluntas
939 1796 978 1818 ac
998 1784 1159 1828 studium,
1183 1785 1284 1830 utqui
1296 1789 1362 1819 tum
1378 1785 1461 1820 nihil
1474 1793 1601 1822 movent
1614 1800 1655 1824 ex
1666 1791 1720 1825 iu·

226 1856 352 1892 stitufis
371 1854 530 1889 maiorum
551 1850 612 1886 sed
630 1848 769 1897 patriam
790 1852 823 1883 et
845 1848 959 1882 avitam
976 1847 1174 1894 reipublicae
1190 1847 1325 1883 formam
1343 1848 1515 1895 diligenter
1527 1863 1719 1890 conservare

228 1920 391 1962 nitatur,
418 1917 520 1963 (45⁰,
540 1916 597 1950 13.
620 1912 710 1948 Gen.
728 1913 784 1954 12,
799 1911 838 1956 2)
857 1914 922 1945 tum
941 1911 1020 1946 forti
1032 1910 1137 1945 animo
1152 1911 1272 1945 acriter
1286 1910 1453 1948 decertant
1467 1919 1581 1950 contra
1595 1928 1720 1961 omnes,

231 1983 410 2030 quicuque
426 1979 556 2016 foederi
578 1975 737 2013 turbando
755 1978 789 2009 et
803 1973 970 2009 violandae
985 1973 1062 2009 fidei
1076 1978 1276 2010 sacramento
1293 1976 1437 2012 sancitae
1453 1989 1584 2025 operam
1602 1986 1722 2016 nava-t

230 2046 334 2091 (411,
352 2047 413 2081 20.
434 2044 490 2079 cll·
510 2043 594 2089 15);
620 2051 726 2087 neque
745 2049 822 2073 vero
842 2049 926 2072 uuus
944 2050 983 2073 ac
1003 2038 1093 2073 solus
1114 2037 1302 2085 disciplinae
1321 2039 1412 2087 rigor
1431 2040 1515 2077 hanc
1536 2044 1598 2079 vim
1621 2045 1720 2084 habet

232 2109 334 2156 (598,
346 2111 405 2146 47.
427 2106 517 2145 Gen.
532 2107 591 2150 38,
607 2107 665 2141 25.
686 2105 745 2148 83,
762 2103 797 2138 7.
818 2100 905 2138 Geu-
920 2103 978 2147 32,
996 2102 1082 2149 10.),
1101 2102 1160 2138 sed
1177 2102 1322 2151 inprimis
1338 2105 1514 2142 concordia
1527 2108 1717 2154 cuborum,
