1947 2424
252 529 509 585 Pharisaeorum
521 547 685 581 nationem
699 557 766 581 non
779 546 904 590 fuisse,
915 550 952 582 ut
962 546 1109 594 plerique
1121 550 1275 602 censent,
1296 547 1527 583 scholasticum
1541 547 1746 584 Graecorum

252 623 343 667 more
358 616 392 647 et
405 611 574 646 umbratile
586 622 688 656 genus
699 609 978 657 philosophorum,
992 611 1154 657 singulare
1170 611 1253 646 illud
1266 623 1305 646 ac
1318 611 1498 658 solivagum
1510 612 1641 659 alioque
1654 612 1745 647 nullo

244 674 381 711 -vinculo
400 674 487 710 inter
504 685 542 709 se
564 684 657 721 quam
678 672 872 720 placitorum
888 677 923 710 et
937 673 1139 713 decretorum
1156 674 1385 710 communitate
1398 686 1517 710 nexum
1529 678 1627 722 atque
1641 686 1749 722 copu-

251 739 371 783 latum,
395 737 456 773 sed
465 739 594 772 coetum
607 736 678 771 iure
692 736 867 782 sociatum,
891 748 1077 782 commune,
1096 738 1289 774 auctoritate
1303 738 1436 785 publica
1448 737 1632 786 praeditum
1647 741 1746 786 atque

253 802 386 848 collegii
400 802 468 836 sive
482 801 627 835 sodalitii
637 800 880 836 necessitudine
890 801 938 835 ita
949 802 1111 847 iugatum,
1136 807 1173 837 ut
1192 806 1294 837 totam
1313 802 1464 849 corporis
1482 802 1621 845 molem,
1645 802 1748 836 veluti

252 877 312 913 per
324 869 414 900 artus
427 864 552 907 infusa,
575 875 641 898 nna
652 875 744 898 mens
757 864 915 910 agitaret,
937 865 974 899 id
989 865 1179 910 luculentis,
1204 866 1337 913 opinor,
1362 870 1460 911 atque
1474 865 1677 911 gravissimis
1689 877 1746 899 ar-

253 928 413 976 gumentis
427 927 596 963 evincitur.
634 926 776 962 Primum
791 939 902 962 eorum
913 927 977 963 hoc
990 933 1053 973 est,
1072 929 1158 975 quod
1170 929 1378 964 hierarchi
1387 940 1407 963 a
1415 940 1434 963 e
1447 927 1604 964 Iudaicae
1618 933 1746 975 partem

254 1003 322 1028 non
333 991 480 1027 ultimam
493 989 690 1038 Phafiseeos
707 990 811 1025 fuisse
829 989 987 1026 videmus.
1037 991 1135 1036 Quod
1150 992 1235 1027 enim
1244 991 1375 1039 patricii
1390 995 1424 1027 et
1436 991 1559 1039 plebeii
1571 991 1658 1039 apud
1670 991 1747 1027 Ro-

255 1067 390 1101 manos,
409 1053 577 1102 perpetuis
595 1036 654 1087 11Ιῖ
662 1053 749 1089 inter
761 1063 798 1088 se
812 1053 1028 1090 simultatibus
1041 1058 1075 1090 et
1088 1055 1348 1091 contentionibus
1361 1054 1451 1099 iure,
1475 1054 1620 1102 legibus,
1644 1054 1743 1090 armis

257 1119 478 1167 disceptantes
493 1120 589 1164 atque
603 1116 825 1160 decertantes,
852 1116 956 1151 donec
971 1127 1084 1151 eversa
1095 1118 1293 1165 reipublicae
1306 1118 1456 1152 libertate
1471 1117 1513 1152 ad
1525 1118 1621 1152 unius
1637 1117 1745 1152 domi-

254 1183 420 1230 nationem
432 1186 560 1215 ventum
570 1183 678 1222 esset,
698 1179 786 1214 idem
801 1180 888 1226 apud
897 1179 1040 1215 Iudaeos
1054 1182 1241 1217 sacerdotes
1255 1186 1350 1228 atque
1364 1181 1504 1228 plebeii,
1528 1181 1633 1215 velut
1647 1180 1747 1216 clu-i-

256 1246 435 1279 stianorum
458 1255 549 1277 more
567 1244 701 1289 loquar,
729 1244 808 1277 laici
835 1243 978 1277 fuerunt.
1030 1244 1165 1290 Iosephi
1185 1245 1403 1279 testimonium
1427 1245 1493 1278 hoc
1512 1244 1644 1290 planum
1664 1244 1746 1278 facit

259 1307 397 1342 dicentis
413 1305 454 1340 de
467 1307 534 1341 vita
549 1317 608 1340 sua
625 1317 699 1352 cap.
716 1309 749 1340 l.
769 1305 876 1354 ὥςπερ
899 1305 947 1355 δὴ
965 1306 1048 1356 παρ’
1072 1306 1229 1352 ἑκάστοις
1248 1306 1327 1357 ἄλλη
1345 1309 1396 1351 τίς
1416 1311 1510 1343 ἐστιν
1529 1306 1749 1353 εὐγενείας

257 1369 436 1415 ὑπόθεσις,
452 1369 561 1414 οὕτως
572 1367 654 1418 παρ’
671 1368 750 1416 ἡμῖν
764 1368 785 1418 ἡ
801 1370 863 1418 τῆς
879 1369 1059 1419 ὣρωσύνης
1070 1374 1236 1418 μετουσία
1242 1369 1425 1421 ,τεψῒοιόν
1438 1374 1512 1409 ἐστι
1526 1375 1645 1418 νένους
1658 1374 1748 1419 λαμ-

258 1434 433 1484 πρότητος.
477 1434 572 1468 Antt.
585 1432 653 1476 XI,
673 1433 708 1476 8,
725 1434 760 1466 2.
774 1445 803 1469 τ.
823 1434 989 1482 ἱερατικῆς
1005 1436 1103 1482 τιμῆς
1121 1437 1278 1485 μεγίστης
1290 1435 1393 1484 οὔσης
1404 1438 1442 1471 ἐν
1457 1436 1505 1483 τῷ
1516 1438 1617 1473 ἔθνει
1630 1437 1688 1472 καὶ
1700 1437 1747 1482 τῷ

257 1501 345 1544 γένει
354 1494 622 1546 παραμενούσης.
639 1495 787 1531 Philonis
803 1494 893 1543 Opp.
903 1498 936 1540 2,
953 1499 1033 1542 134,
1045 1501 1102 1534 17.
1127 1498 1261 1537 Τούτου
1272 1514 1299 1536 τ.
1312 1503 1502 1549 γέρως-τ.
1513 1498 1748 1549 ἱερωσύνης-

257 1564 370 1609 μεῖζον
383 1559 522 1608 ἀγαθὸν
536 1564 573 1597 ἐν
584 1566 656 1604 τοῖς
671 1557 769 1596 οὖσιν
781 1557 843 1596 οὐκ
857 1562 957 1596 ἔστιν.
981 1559 1076 1597 Antt.
1095 1564 1151 1606 14,
1165 1565 1200 1608 4,
1215 1564 1250 1598 5.
1263 1562 1286 1612 ἡ
1299 1564 1451 1609 βασιλεία
1465 1562 1665 1613 ἡπρὰτερον
1678 1571 1753 1608 τοῖς

258 1623 346 1662 κατὰ
359 1628 454 1670 γένος
470 1622 657 1672 ἀρχιερεῦσι
670 1624 832 1670 dadonem
848 1621 946 1670 τιμὴ,
972 1624 1022 1670 δη
1028 1638 1082 1669 μο
1090 1626 1215 1662 τικῶν
1231 1625 1367 1674 ἀνδρῶν
1380 1630 1519 1673 ἐγένετο,
1543 1629 1580 1663 id
1592 1633 1645 1663 est
1655 1628 1754 1665 A-tt.

261 1690 322 1733 20,
336 1690 371 1732 8,
385 1689 421 1722 6.
432 1686 475 1723 τὸ
489 1689 538 1735 δη
543 1699 669 1733 μοτικ
677 1685 724 1722 ὸν
737 1687 874 1734 πλῆθος
885 1686 1041 1732 „plebeia
1053 1688 1173 1722 turba“
1186 1690 1293 1735 gentis
1305 1690 1541 1736 Herodisuhuu,
1561 1694 1626 1738 qni
1639 1693 1755 1728 eaden

260 1751 301 1787 de
323 1763 424 1788 cansa
441 1749 592 1786 Herodes
611 1749 662 1785 Μ.
682 1749 764 1784 ibid.
788 1749 845 1794 15,
867 1751 902 1784 2.
929 1751 986 1793 16,
1002 1752 1038 1784 4.
1059 1752 1249 1800 ἰδιώτης,
1272 1754 1416 1800 privatus
1437 1754 1536 1791 homo
1558 1757 1756 1805 appellatur.

262 1814 349 1852 B.1.
367 1818 400 1859 l,
414 1816 473 1859 23,
495 1815 530 1849 2.
550 1814 720 1858 ἰδιῶτις
740 1810 859 1862 μήτηρ.
912 1811 1121 1850 Plebeiorum
1141 1820 1247 1851 autem
1267 1817 1486 1866 principatum
1504 1820 1540 1855 in
1560 1821 1757 1870 theomfin,

261 1884 340 1927 post
351 1878 554 1915 sacerdotale
567 1889 668 1924 genus
681 1878 878 1913 eruditorum
891 1877 976 1924 legis
992 1877 1118 1914 divinae
1129 1880 1341 1927 interpretum
1354 1884 1446 1919 natio
1462 1885 1621 1932 obtinuit,
1643 1892 1758 1936 utpote

1351 1947 1510 1990 Az,
