1947 2424
928 113 998 153 14

214 224 304 259 siens
324 220 412 253 extat
432 214 516 261 apud
528 213 699 247 Philonem
713 211 747 245 in
761 211 845 244 libro
862 210 902 245 de
914 211 1110 256 migratione
1122 211 1302 245 Abrahami
1315 212 1399 255 449,
1413 214 1473 247 42.
1493 212 1583 249 Gen.
1602 216 1659 259 12,
1673 216 1710 250 2.-

214 288 265 322 Ihi
284 289 452 331 postquam
469 278 533 312 tria
552 276 638 310 dona
648 274 832 309 Abraham«)
848 274 1001 309 divinitus
1013 275 1177 321 promissa
1189 274 1232 309 ad
1247 275 1324 309 loea
1337 273 1427 310 Gen.
1450 277 1507 319 12,
1527 279 1620 311 1—6
1633 278 1712 314 inde
1767 270 1769 272 ¹

213 350 296 392 442,
314 347 370 380 38.
387 339 561 383 recensuit,
577 342 721 384 quartam
735 337 914 371 subiiciens
927 337 1034 372 bonae
1051 338 1302 376 existimationis
1320 338 1430 374 dotem
1441 339 1490 374 ita
1503 339 1630 386 pergit:
1652 342 1714 385 Τίς

214 411 277 449 οὖν
298 409 317 456 ἡ
339 404 476 452 τετάρτη
494 398 621 450 δωρεάς
645 399 693 436 τὸ
715 399 1037 448 μεγαλώνυμον·
1061 405 1142 451 φησὶ
1155 401 1236 452 γὰρ·
1260 404 1449 448 Μεγαλυνῶ
1461 401 1503 440 τὺ
1517 401 1628 450 ὄνομά
1640 416 1715 440 σου.
1763 415 1765 417 ·

218 473 266 511 Τὸ
284 474 326 508 δέ
337 473 437 509 ἐστιν,
463 465 506 510 ὡς
518 470 557 512 γέ
568 478 629 511 μοι
642 465 800 513 φαίνεται
812 464 963 503 moves·
986 465 1094 515 ὥςπερ
1108 465 1151 503 τὸ
1164 465 1306 513 ἀγαθὸν
1316 468 1405 503 εἶναι
1418 468 1477 503 καὶ
1490 465 1604 509 καλὸν,
1626 466 1717 504 οὕτω

214 539 271 575 καὶ
288 534 326 571 τὸ
340 535 455 569 δοκεῖν
468 533 557 566 εἷναι
569 532 753 566 λυσιτελέα.
778 532 851 565 Καὶ
864 529 1011 576 ἀμείνων
1024 533 1088 576 μὲν
1102 530 1206 580 δόξης
1218 530 1376 580 ἀλήθεια,
1395 529 1564 578 εὔδαιμον
1576 534 1616 568 δὲ
1630 530 1671 568 τὸ
1683 533 1718 574 ἐξ

212 601 344 648 ἀμφοῖν.
376 596 508 644 Μυρίοι
526 593 590 643 γὰρ
603 592 745 637 ἀνόθως
758 595 815 629 καὶ
828 592 1059 637 ἀκολακεύτως
1070 594 1318 643 προςελθύντες
1335 594 1437 644 ἀρετῇ
1452 597 1509 631 καὶ
1522 594 1563 632 τὸ
1577 594 1719 645 γνήσιον

209 663 315 711 αὐτῆς
330 657 579 706 ἐναγασάμενοι
592 656 714 701 κάλλος
728 659 788 706 τῆς
802 656 894 705 παρὰ
909 665 981 701 τοῖς
993 660 1131 702 πολλοῖς
1145 657 1257 707 φήμης
1270 657 1313 695 οὐ
1324 660 1569 708 φροντίσαντες
1580 663 1719 706 ἐπεβου-

208 728 397 773 λεύθησαν,
422 724 521 758 κακοὶ
536 724 739 767 νομιθέντες
753 724 788 756 οἱ
799 719 888 767 πρὸς
900 720 1069 768 ἀλήθειαν
1084 719 1228 765 ἀγαθοί.
1260 723 1333 757 Καὶ
1349 721 1418 769 μὴν
1432 721 1516 758 οὐδὲ
1529 725 1594 759 τοῦ
1606 725 1721 760 δοκεῖν

209 790 328 841 ὄφελος
342 786 395 837 μὴ
410 785 577 835 πρότερον
594 786 659 821 τοῦ
674 786 765 820 εἶναι
778 782 968 833 προςόντος
975 811 987 827 ,
1009 784 1117 834 ὥςπερ
1132 786 1188 820 ἐπὶ
1203 784 1368 832 σωμάτων
1382 788 1529 834 πέφυκεν
1538 789 1632 832 ἔχειν.
1676 791 1723 824 Εἰ

208 855 274 902 γὰρ
294 851 421 894 πάντες
440 849 626 898 ἄνθρωποι
645 847 710 884 τὸν
730 850 906 884 νοσοῦντα
926 848 1088 893 ὑγιαίνειν
1108 847 1130 896 ἢ
1152 847 1212 884 τὸν
1231 848 1429 893 ὑγιαίνοντα
1450 856 1565 885 νοσεῖν
1583 848 1721 886 ὑπολοί-

207 924 317 967 βοιεν,
342 914 365 964 ἡ
385 913 471 957 δόξα
493 912 579 949 καθ’
605 911 711 961 αὐτὴν
734 910 814 948 οὔτε
833 910 940 948 νόσον
960 910 1040 948 οὔτε
1066 911 1195 958 ὑγίειαν
1213 910 1408 960 ἐργάσεται·
1433 910 1460 960 ᾧ
1482 914 1523 949 δὲ
1544 910 1721 963 ἀμφότερα

210 979 403 1029 δεδώρηται
426 978 446 1014 ὁ
466 978 555 1021 θεὸς
575 979 632 1013 καὶ
653 976 695 1012 τὸ
711 978 799 1012 εἶναι
812 975 917 1011 καλὸν
939 975 1100 1022 κάγαθὸν
1120 975 1232 1012 καὶτὸ
1245 979 1363 1012 δοκεῖν
1382 979 1489 1019 εἶναι,
1512 974 1615 1021 οὗτος
1633 976 1723 1025 πρὸς

209 1044 380 1095 ἀλήθειαν
393 1041 566 1088 εὐδαίμων
581 1041 698 1087 καὶτῷ
714 1038 787 1076 ὄντι
797 1038 1047 1087 μεγαλώνυμος.
1086 1044 1308 1089 Προνοητέον
1322 1041 1363 1076 δὲ
1378 1039 1423 1084 ὡς
1435 1038 1583 1086 μεγάλου
1605 1039 1721 1089 πράγ-

216 1122 327 1158 ματος
345 1109 402 1144 καὶ
423 1104 536 1142 πολλὰ
554 1103 615 1141 τὸν
632 1103 720 1151 μετὰ
739 1102 898 1151 σώματος
916 1106 994 1150 βίον
1006 1103 1228 1154 ὠφελοῦντος,
1248 1103 1460 1154 εὐφημίας.
1508 1106 1724 1153 Περιγίνεται

211 1176 251 1211 δὲ
275 1172 361 1220 αὕτη
390 1169 515 1216 σχεδὸν
535 1168 668 1205 ἅπασιν
695 1168 772 1205 ὅσοι
796 1169 971 1216 χαίροντες
991 1168 1057 1205 σὺν
1084 1167 1271 1215 ἀςμενιςμῷ
1296 1167 1442 1217 πάτριον
1465 1170 1639 1204 πολιτείαν
1661 1167 1723 1204 οὐκ

213 1236 343 1283 ἀμελῶς
364 1233 606 1284 φυλάττουσιν.
633 1232 718 1275 451,
736 1232 772 1265 5.
794 1233 1053 1280 φυλαττομένων
1071 1246 1102 1278 γ.
1118 1230 1249 1268 τούτων
1269 1236 1309 1276 (τ.
1326 1230 1434 1281 ῥητῶν
1454 1230 1580 1277 νόμων)
1598 1230 1722 1280 ἀριδη-

213 1300 353 1350 λότερον
375 1298 514 1335 κάκεῖνα
529 1293 799 1346 γνωριςθήσεται
814 1292 861 1331 ὧν
883 1297 970 1332 εἰσὶν
993 1293 1092 1333 οὗτοι
1114 1295 1289 1343 σύμβολα,
1312 1296 1402 1347 πρὸς
1423 1299 1470 1345 τῷ
1493 1298 1550 1333 καὶ
1569 1294 1633 1340 τὰς
1652 1294 1721 1332 ἀπὸ

211 1366 280 1401 τῶν
290 1364 423 1400 πολλῶν
436 1365 621 1408 μέμψεις
634 1360 692 1394 καὶ
705 1360 907 1407 κατηγορίας
919 1358 1194 1407 ἀποδιδράςκειν.
1220 1360 1265 1395 ef.
1276 1361 1321 1395 ib.
1337 1362 1394 1396 15.
1408 1363 1466 1396 20.
1480 1361 1575 1395 Antt.
1588 1361 1623 1403 4,
1637 1361 1672 1403 8,
1685 1362 1720 1393 4.

210 1427 358 1463 Perinde
380 1426 478 1460 etiam
502 1425 638 1459 Amen.
657 1424 691 1465 2,
707 1423 792 1456 414.
817 1420 906 1457 Gen.
923 1424 982 1466 27,
998 1424 1056 1456 26.
1106 1422 1370 1466 „Vestimentum
1389 1424 1564 1469 symbolice
1586 1423 1721 1457 visibilis

215 1495 269 1527 est
285 1490 455 1537 probitas,
480 1489 543 1534 qn&
557 1485 645 1533 apud
659 1485 780 1519 multos
796 1484 933 1520 habetur
948 1485 1107 1532 quispiam
1128 1486 1164 1520 in
1182 1486 1286 1520 bona
1303 1487 1480 1534 probata
1490 1499 1565 1533 que
1586 1487 1721 1521 aesti-

212 1554 440 1590 matione.“
464 1550 545 1585 ibid.
561 1551 645 1583 473.
660 1547 773 1594 Exod.
789 1550 847 1591 22,
863 1550 921 1582 28.
943 1548 1061 1592 „Nihil
1075 1554 1128 1584 est
1147 1550 1228 1585 adeo
1243 1551 1400 1585 inducens
1418 1550 1459 1584 ad
1474 1561 1583 1584 euram
1597 1550 1721 1584 haben-

214 1618 291 1655 dam
316 1617 402 1652 sicut
422 1616 555 1650 bonae
584 1612 718 1648 famae
744 1612 877 1647 laus-‘⁶
923 1611 1000 1647 Non
1020 1613 1180 1649 immerito
1200 1615 1301 1661 igitur
1312 1614 1502 1649 Pharisaeis
1522 1614 1605 1649 haec
1622 1613 1718 1660 vulgo

211 1681 368 1731 placendi
389 1692 486 1723 cura,
513 1679 577 1713 hoe
598 1676 707 1711 laudis
734 1676 874 1711 studium
899 1688 918 1710 a
940 1675 1116 1713 Servatore
1137 1679 1352 1725 exprobratur
1376 1678 1451 1713 Iob.
1474 1678 1508 1721 5,
1530 1681 1590 1713 44.
1641 1680 1723 1723 Πῶς

214 1746 371 1790 δύναςθε
391 1743 487 1790 ὑμεῖς
509 1744 692 1778 πιστεῦσαι
712 1738 845 1782 δόξαν
864 1739 980 1788 παρὰ
1005 1740 1194 1790 ἀλλήλων
1214 1740 1590 1788 λαμβάνοντες-ς
1612 1741 1717 1777 Nam-

216 1823 277 1858 que
289 1811 340 1845 illi
354 1821 422 1844 non
435 1808 541 1842 solum
553 1806 589 1840 in
605 1805 669 1839 hac
683 1804 813 1839 mortali
826 1804 891 1838 vita
909 1806 1142 1841 existimationi
1158 1806 1321 1840 hominum
1337 1806 1521 1840 tribuebant
1534 1805 1716 1852 plurimum,

217 1874 277 1909 sed
289 1874 386 1908 etiam
400 1871 527 1919 gloriae
543 1873 623 1917 post
639 1869 709 1904 fata
726 1868 914 1915 superstitis
926 1869 975 1904 ita
990 1870 1195 1915 agitabantu-
1211 1870 1362 1913 stimulis,
1386 1873 1423 1904 ut
1439 1868 1575 1915 Iosephi
1595 1870 1718 1916 scripta

222 1936 378 1972 eiusmodi
397 1933 691 1981 significationibus
712 1932 877 1967 abundent
896 1944 926 1967 v.
950 1944 980 1967 c.
1001 1933 1096 1968 Antt.
1117 1935 1151 1977 2,
1174 1935 1209 1976 9,
1234 1935 1269 1967 3.
1315 1932 1451 1967 Abrami
1472 1931 1663 1975 εὔκλεια,
1687 1937 1722 1967 et

222 1999 326 2034 Musis
344 1999 446 2034 virtus
468 1996 636 2046 μνήμης
656 1995 711 2045 ἐφ’
738 1995 821 2031 ὅσον
844 1999 937 2042 μένει
954 1995 1081 2044 χρόνον
1102 1996 1146 2033 τὰ
1161 1995 1347 2043 σύμπαντα
1364 1997 1544 2044 τευξομένη
1557 1994 1640 2044 παρ’
1658 1994 1723 2031 ἁν-

224 2061 394 2110 θρώποιςς
417 2062 463 2097 ib.
481 2064 537 2106 12,
550 2064 584 2106 2,
601 2064 635 2096 5.
660 2062 800 2108 μεγίστη
816 2059 920 2103 δόξα
933 2060 1042 2096 LXX
1056 2061 1285 2108 interpretnm3
1301 2061 1347 2096 ib.
1362 2062 1398 2104 6,
1411 2063 1447 2096 3.
1469 2059 1571 2095 Indae
1586 2060 1723 2095 Macca-

223 2125 300 2161 baei
320 2124 341 2173 ἡ
362 2140 389 2162 τ.
408 2129 513 2175 ἔργων
532 2124 643 2174 μνήμη
666 2123 762 2168 τάξιν
787 2123 1045 2170 ἀθανασίας
1067 2123 1293 2173 λαμβάνουσα
1313 2145 1363 2151 -
1381 2137 1409 2160 τ.
1430 2122 1595 2170 σωμάτων
1614 2141 1664 2148 —
1684 2119 1725 2170 ἧς
