1947 2424
251 200 403 236 traditum
417 197 648 247 accepissent?
671 198 803 235 Etenim
822 198 885 234 fuit
904 198 968 234 hoc
987 198 1022 233 in
1038 201 1132 246 parte
1153 197 1325 232 iuramenti
1342 196 1568 243 Essaeorun,
1591 201 1629 244 ut
1640 204 1756 245 sancte

251 264 479 312 promitterent<
496 265 617 313 μηδενὶ
636 265 849 311 μεταδοῦναι
863 278 892 299 τ.
912 261 1093 309 δογμάτων
1105 265 1224 311 ἑτέρως
1239 259 1260 313 ἢ
1276 260 1320 306 ὡς
1334 260 1439 307 αὐτὸς
1451 265 1647 313 παρέλαβεν.
1662 264 1707 314 Β.
1723 264 1755 300 I.

252 330 286 372 2,
301 330 335 373 8,
349 331 383 364 7.
399 328 443 364 cf.
456 328 586 363 Bohlen
601 331 634 373 l,
645 331 723 364 133.
749 327 893 364 Perinde
904 327 1102 366 Pharisaeos
1115 326 1250 371 fecisse,
1262 338 1416 374 perquam
1428 328 1601 375 probabile
1615 329 1755 366 videtur.

252 391 425 428 Caeterum
444 391 549 426 fastus
570 391 820 427 Pharisaeorum
837 392 926 438 vulgi
944 395 1109 426 contemtu
1129 402 1204 428 sese
1230 402 1406 435 exserens,
1439 403 1480 426 ex
1508 397 1608 440 parte
1625 393 1755 438 saltem,

252 460 357 492 ortum
367 455 500 492 duxisse
512 456 638 492 videtur
653 470 694 493 ex
707 457 945 504 praerogativa,
967 469 1030 502 qua
1043 468 1179 501 magnae
1194 460 1228 490 et
1243 456 1369 502 amplae
1382 456 1568 491 sodalitatis
1582 459 1754 494 consortio

252 519 492 566 superbiebant.
532 519 585 554 Ita
597 524 634 554 ut
647 524 798 563 statuam,
820 523 987 566 permovet
998 531 1051 553 me
1062 519 1156 553 locus
1171 518 1321 553 Philonis
1337 520 1419 562 338,
1436 520 1496 554 35.
1516 519 1619 556 Deut.
1634 523 1696 566 32,
1711 524 1735 557 7
1742 535 1753 557 =

251 581 332 627 τοὺς
348 583 421 631 γῆς
439 585 599 627 παῖδας
617 583 679 627 οὓς
695 582 808 630 Ἀδὰμ
832 581 1006 629 ὠνόμασεν
1029 581 1144 626 υἱοὺς,
1170 580 1345 640 ἐσπάριῆαι
1364 585 1421 619 καὶ
1440 582 1753 635 ἀνασκεδασθήναι

251 649 308 682 καὶ
318 648 565 695 ἐπισναχθῆναι
586 646 739 695 στῖφός
756 661 793 683 τε
807 650 988 692 γενέσθαι,
1011 644 1147 695 ἡγεμόνι
1157 644 1362 694 χρήσασθαι
1374 645 1473 695 ὀρθῷ
1485 647 1574 695 λόγῳ
1583 648 1634 698 μὴ
1646 651 1753 695 dvm·

251 713 380 755 μένους.
412 711 500 755 Quos
516 711 586 745 11.1.
601 712 660 759 γῆς
671 712 801 754 παῖδας
813 716 919 755 vocat,
932 710 1031 745 iidem
1042 710 1093 744 illi
1105 713 1192 753 sunt,
1208 710 1263 756 qni
1278 711 1360 754 271,
1376 711 1411 745 5.
1426 710 1514 746 Gen.
1525 714 1560 756 6,
1567 714 1603 747 4.
1617 714 1678 762 γῆς
1690 713 1751 750 ἄν·

250 777 401 824 θρωποι,
421 783 517 825 *92ng
527 780 632 826 'vy-2:25³,
654 778 691 809 ut
705 786 777 809 cum
790 773 948 808 Rabbinis
964 774 1090 820 loquar,
1111 773 1325 820 appellantur,
1348 773 1487 819 indocti,
1511 775 1623 821 rudes,
1646 779 1751 813 ventri

252 850 291 872 ac
305 838 400 884 gulae
415 837 517 873 dediti
530 838 677 872 homines
691 837 867 872 exadverso
886 837 1056 872 doctorum
1079 848 1117 871 ac
1137 837 1343 883 politiorum,
1367 857 1417 863 —
1435 835 1623 887 ἅνθρωποι
1640 839 1750 889 οὐρα-

253 902 315 936 νοῦ
331 904 364 936 et
378 901 582 936 sacerdotum
595 912 634 935 ac
647 900 877 948 prophetarum
889 920 939 926 —
949 898 1133 950 ἄνθρωποι
1148 901 1247 937 θεοῦ.
1291 900 1364 935 Hos
1379 900 1428 935 ait
1441 900 1612 948 dispersos
1624 916 1664 939 ac
1677 905 1750 940 dis·

252 965 446 1009 seminatos,
471 965 581 1010 gregis
602 965 706 998 instar
724 967 858 1010 pastore
880 963 1044 1007 destituti,
1069 976 1130 1010 per
1149 969 1268 999 terram
1287 964 1392 1011 palari
1413 965 1480 1008 ita,
1506 970 1600 1000 utne
1616 968 1750 1003 collecti

254 1028 380 1074 quidem
392 1028 522 1074 possint
533 1028 568 1062 in
581 1039 677 1062 unum
700 1038 719 1061 c
727 1038 746 1060 ο
755 1038 774 1061 e
783 1030 823 1061 tu
831 1039 862 1060 m
883 1030 1044 1075 (στῖφος),
1066 1028 1170 1073 qualis
1184 1027 1434 1062 Pharisaeorum
1447 1028 1621 1074 sodalitas,
1643 1031 1748 1066 coire.

344 1091 449 1126 Porro
461 1103 544 1125 nom
553 1091 638 1134 ina,
663 1090 777 1137 quibus
791 1088 1040 1125 Pharisaeorum
1054 1090 1245 1125 universitas
1261 1089 1460 1137 designatur,
1480 1091 1668 1129 sodalitatis
1681 1107 1748 1130 no-

254 1157 375 1190 tionem
395 1155 586 1201 exprimunt.
633 1153 793 1200 Iosephus
810 1153 853 1188 B.
868 1153 898 1188 I.
916 1157 948 1197 1,
966 1156 1000 1198 5,
1016 1156 1049 1189 2.
1072 1152 1299 1199 σύνταγμά
1319 1167 1352 1189 τι
1373 1156 1543 1191 Ῑουδαῖων
1561 1161 1659 1192 vocat
1672 1158 1697 1193 i.
1714 1171 1746 1194 e.

254 1223 382 1254 coetum
400 1218 470 1252 iure
491 1218 665 1260 sociatum,
690 1217 816 1262 legibus
838 1216 1017 1251 ordinatum
1023 1241 1035 1261 ‚
1061 1217 1177 1263 quique
1194 1217 1361 1251 ductorum
1375 1228 1506 1252 suorum
1519 1219 1677 1265 auspiciis
1694 1222 1746 1256 sui

254 1282 335 1316 iuris
348 1285 448 1325 esset,
470 1279 732 1326 quemadmodum
745 1280 827 1313 alias
841 1280 876 1314 in
890 1280 1006 1315 bonam
1018 1284 1143 1326 partem
1149 1280 1244 1314 Antt.
1257 1281 1312 1322 14,
1327 1282 1361 1322 7,
1376 1281 1410 1315 2.
1426 1279 1471 1316 τὰ
1484 1281 1706 1328 συντάγματα
1720 1298 1747 1320 t.

251 1344 431 1380 Ἰουδαίων
446 1343 594 1389 (coetus)
606 1342 812 1386 Iudaeorum,
823 1343 1171 1385 Juden-Gmeinden‚
1189 1342 1232 1377 B.
1245 1342 1275 1376 Ι.
1290 1344 1325 1386 4,
1341 1345 1376 1377 9.
1395 1344 1451 1378 10.
1466 1342 1507 1380 τὸ
1520 1343 1702 1392 σύνταγμα
1716 1362 1745 1384 τ.

251 1409 439 1443 Γαλιλαίων
454 1407 494 1441 de
508 1407 662 1449 exercitu,
676 1406 711 1440 in
722 1406 836 1439 malam
848 1409 971 1452 partem
985 1409 1091 1439 autem
1101 1405 1144 1439 Β.
1158 1405 1188 1439 Ι.
1207 1408 1239 1448 l,
1254 1407 1312 1449 24,
1326 1407 1361 1440 8.
1382 1405 1605 1453 συνπίγματα
1622 1410 1747 1456 globuli

254 1471 512 1515 coniuratorum,
535 1469 673 1514 Clubbs,
694 1469 739 1504 ib.
757 1470 792 1513 4,
811 1470 844 1513 3,
861 1470 895 1504 3.
919 1469 1015 1503 Antt.
1038 1469 1096 1513 20,
1118 1470 1152 1513 8,
1175 1469 1209 1504 5.
1229 1469 1358 1517 ληοτῶν
1379 1471 1561 1519 σύνταγμα
1583 1472 1746 1510 latronum

254 1547 385 1582 agmen,
405 1535 654 1571 Ra'uberbande
670 1534 818 1568 dicuntur
831 1533 876 1568 cf.
889 1533 983 1568 Antt.
1002 1534 1058 1576 17,
1074 1534 1108 1576 2,
1123 1535 1158 1568 4.
1179 1534 1235 1576 18,
1252 1537 1284 1577 1,
1298 1536 1333 1569 4.
1350 1533 1370 1569 ὁ
1382 1542 1572 1584 φαρισαῑος.
1602 1536 1745 1574 Perinde

252 1600 370 1644 Philo,
390 1599 444 1646 qui
466 1598 606 1645 quamvis
625 1598 783 1644 religione
805 1600 910 1631 tactus
926 1594 1176 1631 Pharisaeorum
1191 1607 1232 1631 ne
1246 1609 1364 1632 nomeu
1382 1598 1512 1645 quidem
1527 1602 1744 1649 usurpaverit,

254 1665 347 1711 quia,
359 1667 407 1699 ant
420 1662 485 1699 Dei
497 1674 615 1697 nomeu
627 1662 792 1697 enuntiare
807 1660 929 1695 diserto
942 1660 1026 1705 legis
1038 1659 1148 1695 Levit.
1164 1661 1222 1703 24,
1239 1662 1295 1695 16.
1311 1661 1418 1696 edicto
1434 1663 1576 1709 capitale
1586 1670 1673 1708 erut,
1696 1666 1745 1703 iu

252 1728 366 1764 liberis
380 1730 545 1774 parentes,
565 1723 733 1771 discipulis
745 1723 929 1769 magistros,
945 1722 1046 1757 servis
1060 1722 1170 1766 heros,
1190 1721 1327 1768 denique
1342 1735 1550 1771 quoscunque
1563 1728 1746 1763 reverentia

255 1804 294 1826 ac
320 1791 446 1838 pudore
470 1789 624 1837 prosequi
653 1788 800 1831 deceret,
830 1787 961 1833 proprio
986 1798 1102 1821 vocare
1126 1786 1254 1821 nomine
1272 1798 1429 1822 summum
1449 1788 1545 1824 nefa-s
1565 1790 1745 1827 ducebatur

255 1855 309 1900 (2,
329 1855 409 1898 166,
425 1855 485 1888 23.
508 1853 601 1887 Arm.
622 1854 656 1896 2,
677 1851 759 1897 70),
787 1849 873 1885 idem
893 1853 999 1884 tamen
1019 1848 1258 1884 universitatem
1279 1860 1388 1884 eorum
1408 1862 1470 1897 per
1489 1852 1636 1897 symbola
1655 1857 1746 1890 tectu

256 1917 466 1964 significavit,
490 1928 520 1951 v-
543 1928 574 1951 c.
596 1917 631 1960 2,
653 1915 737 1959 418,
757 1915 816 1949 47.
844 1911 863 1949 ὁ
885 1911 1031 1962 ἀσινὴς
1049 1914 1167 1957 οἶκος
1191 1910 1210 1948 ὁ
1232 1914 1356 1957 τέλειος
1373 1916 1430 1950 καὶ
1448 1913 1590 1964 συνεχὴς
1610 1919 1652 1961 ἐν
1667 1924 1746 1963 gaze

255 1981 370 2031 ῥηταῖς
382 1985 530 2029 γραφαῖς
548 1980 607 2022 καὶ
625 1981 664 2015 ἐν
681 1984 756 2021 ταῖς
776 1975 863 2014 καθ’
886 1976 1052 2014 ὑπόνοιαν
1069 1974 1275 2024 ἀλληγορίαις
1294 1978 1454 2022 θίασος
1470 1990 1503 2014 v.
1525 1990 1557 2014 c.
1578 1980 1664 2025 ³38,
1682 1982 1745 2017 21.

255 2044 500 2096 ψυχῶνσοφῶν
518 2043 600 2087 650,
614 2043 674 2078 34.
687 2039 845 2092 §paulac
857 2043 892 2086 2,
909 2043 988 2086 163,
1004 2044 1060 2076 11.
1076 2039 1097 2076 ὁ
1107 2038 1294 2090 φρονήσεως
1306 2043 1363 2077 καὶ
1374 2040 1595 2093 σωφροσύνης
1607 2046 1666 2081 καὶ
1677 2043 1746 2082 ἀν-

258 2111 373 2158 δρείας
384 2122 414 2145 κ.
427 2105 644 2154 δικαιοσύνης
656 2104 836 2154 ἱερώτατος
855 2105 950 2149 οῐ.2,
961 2105 1044 2148 445,
1062 2106 1098 2139 8.v
1112 2103 1132 2140 ὁ
1147 2118 1177 2140 τ.
1195 2106 1445 2153 Πυθαγορείων
1460 2104 1643 2155 ἀκρότατος
1654 2110 1744 2145 θία-

1200 2174 1202 2176 ’
1326 2169 1358 2205 Β
1382 2171 1403 2204 2
