1947 2424
259 225 320 255 σος
331 216 364 245 et
377 209 471 242 Antt.
492 209 549 249 14,
566 207 622 247 10,
636 206 671 238 8.
688 203 813 238 Caesar
830 203 965 240 κωλύων
985 205 1139 250 θιάσους
1160 205 1374 252 συνάγεσθαι
1388 206 1414 239 ἰ.
1430 216 1461 239 e.
1477 205 1619 250 collegia
1633 204 1763 239 illicita.

257 295 304 301 ..
326 268 434 321 φυλὴ
457 281 487 304 v.
510 279 540 303 c.
563 267 646 311 533,
668 268 727 301 22.
747 265 770 315 ἡ
789 265 957 316 Aetia-coxi]
984 269 1020 313 2,
1041 271 1125 315 163,
1146 270 1205 305 25.
1231 269 1252 318 ἡ
1272 267 1417 319 elevatam}
1438 289 1488 295 —
1505 266 1765 316 ἀνδρωνῖτις

257 338 339 379 451,
355 337 414 369 24.
429 353 478 359 —
492 329 606 374 λαός.
627 332 662 374 2,
678 332 763 375 428,
781 333 839 365 14.
854 332 953 367 θεοῦ.
968 332 1052 375 305,
1067 334 1127 367 23.
1150 332 1170 368 ὁ
1185 331 1355 382 θεοφιλής.
1370 333 1454 377 445,
1470 335 1505 367 6.
1525 332 1627 367 Dent.
1641 333 1677 374 4,
1695 333 1731 365 0.
1746 327 1766 367 ὁ

256 397 364 447 σοφὸς
375 398 432 432 καὶ
444 392 644 442 ἐπιστήμων.
661 414 712 419 -—
725 397 746 429 ἔ
750 397 781 429 θ·
790 408 863 438 νος
880 396 966 439 444,
982 395 1041 429 25.
1061 392 1163 431 Deut.
1180 400 1215 441 4,
1231 399 1266 432 6.
1283 399 1367 443 μέγα
1381 396 1406 430 i.
1424 407 1454 430 e.
1469 394 1557 445 πρὸς
1568 393 1609 431 τὸ
1626 392 1766 440 ἄμεινον

256 461 367 504 αὔξον.
386 461 425 494 it.
446 458 531 502 445,
552 459 589 493 7.
614 457 731 507 ἐπειδὴ
751 457 905 505 μεγάλων
929 456 1090 507 ὀρεγεται.
1109 460 1156 495 ib.
1176 464 1231 495 11.
1247 459 1288 496 τὸ
1306 461 1378 508 θεῷ
1392 461 1592 506 συνεγγίζον.
1606 460 1640 503 2,
1654 460 1689 502 9,
1707 457 1766 492 51.

257 527 361 572 ἅγιον.
372 544 422 549 -
435 523 481 557 ib.
498 524 559 556 44.
572 520 724 571 Ἰσραήλ.
738 543 789 550 -
802 522 1043 572 συναγωγή.
1061 526 1142 567 238,
1161 526 1195 559 8.
1213 527 1296 568 307,
1317 527 1373 559 17.
1388 524 1486 560 Num.
1502 525 1561 568 27,
1580 525 1635 558 16.
1648 523 1768 570 κυρίου

256 610 304 615 —
317 589 530 633 σύλλογος
544 587 629 630 200,
642 588 679 621 7.
693 586 796 621 Dent.
815 588 873 631 23,
890 589 924 622 3.
940 590 1045 631 θεῖος.
1057 607 1106 612 -
1119 588 1317 636 ἐκκλησία
1332 589 1413 631 200,
1429 589 1464 622 7.
1477 589 1603 635 κυρίου.
1618 579 1699 631 289,
1710 587 1768 621 18.

254 653 368 700 ἡὶερά.
383 671 433 676 -
446 650 584 697 ἀγέλη.
599 650 684 693 594,
701 650 760 684 25.
778 650 845 684 Ex.
866 653 899 694 2,
918 653 974 685 18.
994 664 1015 697 η
1028 654 1120 686 θεῖα.
1135 652 1217 693 596,
1236 652 1292 684 10.
1305 650 1328 698 ἡ
1343 648 1424 698 ἱεροί.
1443 652 1526 694 658,
1541 653 1599 685 24.
1621 648 1768 698 ἡλογικὴ

256 717 314 752 καὶ
335 712 421 763 καλὴ
443 714 565 749 οἰκία
587 714 672 756 461,
699 713 757 747 30.
781 711 870 748 Gen.
887 713 945 757 50,
960 715 995 748 7.
1015 712 1035 761 ἡ
1055 711 1199 761 πατρικὴ
1218 714 1252 757 2,
1270 715 1350 757 132,
1368 715 1402 749 8.
1419 716 1492 760 μία.
1506 714 1771 750 -κοινωνία

258 782 293 823 2,
303 780 389 822 050,
400 779 461 812 44.
476 776 498 825 ἡ
512 774 633 825 φιλική.
649 796 699 801 —
713 774 903 825 ἀδελφοί.
925 779 1081 820 079,-29.
1105 776 1193 811 Gen.
1212 779 1270 820 37,
1287 779 1343 811 10.
1368 779 1402 820 2,
1418 779 1500 821 388,
1515 780 1574 812 40.
1593 777 1695 812 Dent.
1712 780 1770 821 23,

263 845 322 877 19.
334 862 385 867 —-
399 839 531 884 πόλις.
546 842 632 883 421,
651 842 707 873 19.
723 838 743 887 ἡ
758 838 909 885 ἀμείνων.
931 860 979 865 -
999 838 1221 888 ἱερόπολις
1236 841 1270 883 2,
1288 841 1371 883 321,
1387 842 1444 874 23.
1460 840 1557 875 Num.
1573 842 1630 883 35,
1649 841 1682 873 2.
1696 838 1770 888 ἥτις

259 908 359 943 ἐστὶν
373 905 467 954 ἱεροῦ
482 906 539 940 καὶ
553 902 698 952 βεβήλου
711 901 823 939 τόπου
835 903 1004 952 μεθόριος,
1021 902 1151 952 τρόπον
1166 901 1244 938 τινὰ
1257 901 1419 950 δεύτερον
1433 902 1534 952 ἱερόν.
1548 903 1593 938 cf.
1611 903 1692 948 575,
1709 906 1768 939 30.

261 969 353 1006 Gen.
372 971 430 1013 14,
444 970 480 1004 7.
504 969 587 1011 577,
605 969 664 1002 47.
683 968 742 1002 48.
773 967 866 1001 Arm.
886 969 920 1011 2,
939 968 1020 1002 205.
1046 966 1133 1002 Gen.
1158 968 1215 1010 20,
1241 969 1272 1000 l.
1305 968 1361 1002 καὶ
1383 965 1510 1015 ᾤκησεν
1529 966 1683 1016 Ἀβραὰμ
1701 966 1769 1003 ἀνὰ

263 1036 371 1080 μέσον
386 1030 511 1080 Κάδης
524 1033 580 1067 καὶ
594 1028 659 1067 ἀνὰ
674 1033 781 1075 μέσον
797 1028 893 1078 Σούρ
910 1032 964 1065 καὶ
980 1028 1178 1079 παρῴκησεν
1193 1033 1229 1065 ἐν
1237 1028 1413 1078 Γεράροις.
1440 1030 1548 1065 cade
1558 1043 1574 1065 s
1589 1032 1770 1078 explicatur

266 1101 443 1132 sanctus
465 1100 499 1130 et
518 1094 598 1130 Sur
615 1105 760 1128 murus·
800 1093 840 1128 In
852 1094 989 1128 istorum
1005 1094 1139 1128 duorum
1152 1093 1289 1128 termino
1305 1094 1397 1139 regio
1415 1098 1467 1128 est
1481 1095 1615 1128 consilii·
1628 1094 1769 1141 diligen-

264 1161 347 1195 tium
360 1159 447 1203 Dei,
473 1159 508 1193 in
522 1170 583 1204 qua
599 1157 744 1191 habitant
759 1157 872 1190 armati
886 1157 1064 1203 munitique
1077 1157 1195 1191 virtute
1218 1161 1386 1203 tanquam,
1410 1169 1521 1192 muro
1541 1158 1713 1192 inaccesso
1736 1163 1769 1193 et

264 1223 470 1258 indestructo
491 1227 588 1267 atque
606 1220 732 1266 legibus
755 1220 875 1253 sanctis
894 1220 1008 1254 nutriti
1027 1232 1066 1254 ac
1087 1220 1256 1254 laetificati
1278 1220 1331 1265 (2,
1347 1221 1405 1264 30,
1424 1222 1485 1267 17)
1504 1222 1590 1255 omni
1612 1221 1664 1256 die
1685 1223 1771 1269 apud

265 1291 393 1334 patrem
407 1285 551 1320 familias
564 1283 773 1330 sapientiam,
798 1283 911 1329 irrigui
928 1295 969 1318 ex
983 1283 1127 1318 fontibus
1140 1283 1356 1330 perennibus,
1382 1296 1463 1330 quos
1478 1296 1560 1319 unus
1578 1285 1612 1319 in
1630 1297 1666 1319 se
1683 1286 1771 1332 capit

264 1351 360 1384 locus
369 1374 381 1392 ,
406 1349 539 1382 verbum
561 1347 712 1381 divinum.
749 1347 778 1380 P
789 1359 857 1381 ere
864 1347 1099 1392 ginationis
1122 1350 1229 1380 autem
1250 1347 1348 1381 modo
1368 1348 1515 1382 habitant
1531 1348 1566 1381 in
1582 1347 1769 1392 Geraris,

267 1424 351 1458 quae
369 1415 421 1446 est
435 1411 528 1456 regio
542 1410 826 1456 contemplationis
841 1410 1040 1455 diligentium
1055 1409 1133 1444 Dei.
1166 1412 1393 1454 βασίλειον
1417 1409 1661 1458 ἱεράτευμα.
1685 1414 1718 1455 2,
1734 1415 1769 1455 9,

268 1478 330 1510 41.
352 1474 420 1509 Ex.
441 1475 498 1516 19,
518 1474 574 1507 16.
595 1492 645 1497 -
664 1471 786 1516 τάξις.
805 1473 887 1516 445,
903 1474 960 1508 27.
985 1473 1086 1508 Deut.
1103 1476 1137 1517 7,
1156 1476 1190 1508 7.
1211 1474 1320 1521 ψυχῆς
1337 1472 1375 1509 εὖ
1396 1475 1676 1524 διακεκοιμημένη
1692 1473 1734 1524 ἧς
1751 1475 1770 1510 ὃ

267 1536 382 1587 ὀρθὸς
400 1538 501 1583 λόγος
519 1535 704 1585 ἀφηγεῖται.
731 1536 775 1571 cf.
793 1537 884 1570 Arm·
908 1538 941 1579 2,
956 1539 1038 1571 494.
1062 1539 1096 1580 2,
1112 1539 1194 1581 434,
1210 1540 1269 1573 43.
1289 1537 1313 1586 ἡ
1330 1541 1367 1574 ἐν
1390 1537 1523 1587 οὐρανῷ
1543 1538 1587 1587 ἢν
1607 1538 1650 1575 οὐ
1667 1542 1770 1587 θέμις

266 1607 381 1639 εἰπεῖν.
400 1621 450 1626 -
472 1598 671 1648 σύστημα
686 1599 769 1643 452,
788 1602 843 1633 17.
859 1598 958 1647 ἡμῶν.
973 1602 1054 1644 633,
1069 1602 1128 1634 44.
1150 1599 1237 1635 Gen.
1256 1604 1312 1646 19,
1328 1603 1386 1636 23.
1407 1600 1447 1638 τὸ
1467 1603 1588 1648 γεῶδες
1606 1601 1703 1649 ἡμῶν.
1722 1624 1770 1629 -

266 1666 489 1715 γερουσία.
511 1666 593 1707 396,
617 1664 676 1698 25.
695 1664 755 1711 τῆς
777 1661 975 1711 φρονήσεως.
991 1683 1039 1688 -
1057 1671 1216 1712 στῖφος.
1232 1666 1315 1708 366,
1335 1667 1391 1699 14.
1412 1664 1453 1700 τὸ
1467 1667 1567 1714 ἡμῶν.
1580 1666 1771 1715 -χορός

266 1731 352 1773 410,
373 1730 429 1763 12.
444 1725 632 1777 ἱερώτατος.
645 1728 730 1769 411,
750 1727 805 1760 18.
820 1725 839 1762 ὁ
850 1725 1061 1775 προφητικός.
1075 1748 1125 1753 -
1139 1727 1323 1775 τράπεζα
1340 1729 1373 1771 2,
1389 1729 1473 1772 245,
1490 1730 1545 1763 12.
1564 1728 1649 1764 Lev.
1669 1732 1724 1774 12,
1733 1733 1769 1765 6.

266 1793 290 1842 γ’)
307 1790 394 1841 ἱερὰ.
413 1791 508 1826 Arm.
533 1793 567 1834 2,
591 1790 675 1825 517.
697 1788 765 1824 Ex.
788 1789 846 1833 25,
869 1791 926 1824 23.
953 1791 1278 1825 communionem
1300 1790 1457 1836 quandam
1479 1791 1641 1838 sig-nificat
1660 1805 1770 1828 mensa

269 1869 380 1892 eorum
392 1856 512 1902 gratia,
538 1854 594 1901 qui
609 1865 656 1888 ex
677 1853 822 1888 eodem
840 1853 930 1887 sale
951 1858 990 1887 et
1008 1854 1176 1888 victima
1196 1853 1526 1900 participarunt.
1540 1876 1590 1881 —
1613 1858 1770 1893 θυσια-

270 1919 442 1970 στήροιν
460 1918 555 1953 Arm.
574 1919 609 1961 2,
626 1917 709 1952 531.
725 1916 808 1951 532.
822 1915 904 1950 534.
924 1914 991 1950 Ex.
1005 1917 1062 1961 27,
1075 1918 1111 1951 4.
1133 1917 1168 1961 2,
1183 1916 1265 1960 255,
1283 1916 1340 1951 25.
1355 1916 1449 1967 παρὰ
1460 1919 1523 1955 τοῦ
1538 1921 1709 1969 διατηρεῖν
1722 1941 1771 1947 —-

271 1984 333 2028 τὰς
344 1985 483 2026 θυσίας.
516 1981 615 2026 Quod
628 1981 658 2015 si
673 1984 739 2015 tam
751 1979 923 2025 magnifice
934 1979 975 2014 de
990 1980 1199 2014 universitate
1212 1987 1452 2017 sua'seuserunt
1465 1982 1648 2028 Pharisaei,
1671 1990 1708 2020 ut
1720 1986 1772 2020 vel

273 2046 491 2082 sacrosanctis
519 2056 590 2080 eam
617 2043 842 2079 condecorare
868 2042 1050 2077 nominibus
1073 2054 1139 2077 non
1165 2042 1364 2089 dubitarent,
1395 2057 1461 2081 non
1481 2047 1595 2083 mirum
1620 2048 1771 2097 profecto

271 2112 372 2146 videri
386 2114 515 2157 potest,
542 2108 571 2143 si
584 2107 628 2142 de
645 2109 783 2154 singulis
796 2118 909 2143 eorum
922 2107 996 2142 vitis
1010 2117 1123 2153 parum
1137 2112 1285 2150 constat3
1313 2110 1431 2156 quippe
1445 2110 1644 2156 singulorum
1656 2104 1772 2147 merita
