<?xml version="1.0" encoding="UTF-8"?>
<!DOCTYPE html PUBLIC "-//W3C//DTD XHTML 1.0 Transitional//EN"
    "http://www.w3.org/TR/xhtml1/DTD/xhtml1-transitional.dtd">
<html xmlns="http://www.w3.org/1999/xhtml" xml:lang="en" lang="en">
 <head>
  <title>
</title>
<meta http-equiv="Content-Type" content="text/html;charset=utf-8" />
  <meta name='ocr-system' content='tesseract 3.04.00' />
  <meta name='ocr-capabilities' content='ocr_page ocr_carea ocr_par ocr_line ocrx_word'/>
</head>
<body>
  <div class='ocr_page' id='page_1' title='image "4627238_0011.png"; bbox 0 0 1947 2424; ppageno 0'>
   <div class='ocr_carea' id='block_1_1' title="bbox 0 0 117 71">
    <p class='ocr_par' dir='ltr' id='par_1_1' title="bbox 0 0 117 71">
     <span class='ocr_line' id='line_1_1' title="bbox 0 0 117 71; baseline 0 2353"><span class='ocrx_word' id='word_1_1' title='bbox 0 0 117 71; x_wconf 95' lang='lat' dir='ltr'><strong> </strong></span> 
     </span>
    </p>
   </div>
   <div class='ocr_carea' id='block_1_2' title="bbox 786 86 1209 128">
    <p class='ocr_par' dir='ltr' id='par_1_2' title="bbox 786 86 1209 128">
     <span class='ocr_line' id='line_1_2' title="bbox 786 86 1209 128; baseline -0.002 -13"><span class='ocrx_word' id='word_1_2' title='bbox 786 107 931 115; x_wconf 79' lang='grc'><strong>...-.</strong></span> <span class='ocrx_word' id='word_1_3' title='bbox 980 86 1209 128; x_wconf 64' lang='lat'><strong>⁸..-</strong></span> 
     </span>
    </p>
   </div>
   <div class='ocr_carea' id='block_1_3' title="bbox 228 183 1786 2143">
    <p class='ocr_par' dir='ltr' id='par_1_3' title="bbox 228 183 1786 2143">
     <span class='ocr_line' id='line_1_3' title="bbox 239 183 1786 238; baseline 0 -15"><span class='ocrx_word' id='word_1_4' title='bbox 239 183 549 235; x_wconf 67' lang='grc' dir='ltr'>’ῥάνῃχρήματα</span> <span class='ocrx_word' id='word_1_5' title='bbox 557 183 644 235; x_wconf 83' lang='grc' dir='ltr'><strong><em>πρὸς</em></strong></span> <span class='ocrx_word' id='word_1_6' title='bbox 657 183 820 235; x_wconf 77' lang='grc' dir='ltr'><strong>συλλογὴν</strong></span> <span class='ocrx_word' id='word_1_7' title='bbox 832 184 1059 237; x_wconf 76' lang='grc' dir='ltr'>μισθοφόρων</span> <span class='ocrx_word' id='word_1_8' title='bbox 1065 188 1225 236; x_wconf 72' lang='grc' dir='ltr'><strong>ἔπεμψάν</strong></span> <span class='ocrx_word' id='word_1_9' title='bbox 1232 185 1325 231; x_wconf 85' lang='grc' dir='ltr'><em>ὅπως</em></span> <span class='ocrx_word' id='word_1_10' title='bbox 1337 186 1469 236; x_wconf 73' lang='grc' dir='ltr'><em>πολεμῇ</em></span> <span class='ocrx_word' id='word_1_11' title='bbox 1483 183 1749 238; x_wconf 68' lang='grc' dir='ltr'><strong>πρὸξἸοὶσηωον.</strong></span> <span class='ocrx_word' id='word_1_12' title='bbox 1782 184 1786 191; x_wconf 80' lang='grc'>’</span> 
     </span>
     <span class='ocr_line' id='line_1_4' title="bbox 251 249 1750 298; baseline 0 -11"><span class='ocrx_word' id='word_1_13' title='bbox 251 249 362 287; x_wconf 69' lang='lat' dir='ltr'><strong>casa</strong></span> <span class='ocrx_word' id='word_1_14' title='bbox 387 255 514 295; x_wconf 81' lang='lat' dir='ltr'><strong>autem,</strong></span> <span class='ocrx_word' id='word_1_15' title='bbox 546 262 606 286; x_wconf 82' lang='lat' dir='ltr'><strong>cur</strong></span> <span class='ocrx_word' id='word_1_16' title='bbox 629 250 684 286; x_wconf 74' lang='lat' dir='ltr'><strong>liic</strong></span> <span class='ocrx_word' id='word_1_17' title='bbox 711 251 916 298; x_wconf 87' lang='lat' dir='ltr'><strong>potissimum</strong></span> <span class='ocrx_word' id='word_1_18' title='bbox 944 252 1125 298; x_wconf 86' lang='lat' dir='ltr'><strong>legatorum</strong></span> <span class='ocrx_word' id='word_1_19' title='bbox 1155 251 1277 298; x_wconf 79' lang='lat' dir='ltr'><strong>agmini</strong></span> <span class='ocrx_word' id='word_1_20' title='bbox 1308 251 1425 287; x_wconf 87' lang='lat' dir='ltr'><strong>ductor</strong></span> <span class='ocrx_word' id='word_1_21' title='bbox 1451 250 1689 298; x_wconf 75' lang='lat' dir='ltr'><strong>praeficeret-r</strong></span> <span class='ocrx_word' id='word_1_22' title='bbox 1715 250 1750 291; x_wconf 65' lang='lat' dir='ltr'><strong>i!</strong></span> 
     </span>
     <span class='ocr_line' id='line_1_5' title="bbox 247 313 1749 362; baseline 0 -13"><span class='ocrx_word' id='word_1_23' title='bbox 247 319 399 362; x_wconf 78' lang='lat' dir='ltr'><strong>promptu</strong></span> <span class='ocrx_word' id='word_1_24' title='bbox 418 318 481 349; x_wconf 86' lang='lat' dir='ltr'><strong>est.</strong></span> <span class='ocrx_word' id='word_1_25' title='bbox 528 314 687 350; x_wconf 85' lang='lat' dir='ltr'><strong>Nimirum</strong></span> <span class='ocrx_word' id='word_1_26' title='bbox 703 314 766 349; x_wconf 86' lang='lat' dir='ltr'><strong>fuit</strong></span> <span class='ocrx_word' id='word_1_27' title='bbox 778 315 842 349; x_wconf 87' lang='lat' dir='ltr'><strong>iste</strong></span> <span class='ocrx_word' id='word_1_28' title='bbox 857 313 1020 349; x_wconf 81' lang='lat' dir='ltr'><strong>Sisennae</strong></span> <span class='ocrx_word' id='word_1_29' title='bbox 1036 314 1123 350; x_wconf 84' lang='lat' dir='ltr'><strong>filius</strong></span> <span class='ocrx_word' id='word_1_30' title='bbox 1143 327 1209 349; x_wconf 88' lang='lat' dir='ltr'><strong>non</strong></span> <span class='ocrx_word' id='word_1_31' title='bbox 1229 315 1334 350; x_wconf 91' lang='lat' dir='ltr'><strong>solum</strong></span> <span class='ocrx_word' id='word_1_32' title='bbox 1355 315 1516 350; x_wconf 84' lang='lat' dir='ltr'><strong>factiosus</strong></span> <span class='ocrx_word' id='word_1_33' title='bbox 1530 314 1629 349; x_wconf 77' lang='lat' dir='ltr'><strong>homo</strong></span> <span class='ocrx_word' id='word_1_34' title='bbox 1643 313 1749 349; x_wconf 79' lang='lat' dir='ltr'><strong>Ioan-</strong></span> 
     </span>
     <span class='ocr_line' id='line_1_6' title="bbox 238 377 1747 426; baseline -0.001 -14"><span class='ocrx_word' id='word_1_35' title='bbox 238 379 362 426; x_wconf 72' lang='lat' dir='ltr'><strong>nisqw</strong></span> <span class='ocrx_word' id='word_1_36' title='bbox 375 377 603 414; x_wconf 81' lang='lat' dir='ltr'><strong>Gischalensis</strong></span> <span class='ocrx_word' id='word_1_37' title='bbox 622 379 823 426; x_wconf 87' lang='lat' dir='ltr'><strong>mancipatus</strong></span> <span class='ocrx_word' id='word_1_38' title='bbox 844 378 978 413; x_wconf 76' lang='lat' dir='ltr'>satelles</span> <span class='ocrx_word' id='word_1_39' title='bbox 998 382 1093 424; x_wconf 85' lang='lat' dir='ltr'><strong>atque</strong></span> <span class='ocrx_word' id='word_1_40' title='bbox 1116 378 1307 413; x_wconf 88' lang='lat' dir='ltr'><strong>insidiarum</strong></span> <span class='ocrx_word' id='word_1_41' title='bbox 1326 378 1464 426; x_wconf 84' lang='lat' dir='ltr'><strong>Iosephi</strong></span> <span class='ocrx_word' id='word_1_42' title='bbox 1487 379 1574 414; x_wconf 86' lang='lat' dir='ltr'><strong>vitae</strong></span> <span class='ocrx_word' id='word_1_43' title='bbox 1596 389 1636 413; x_wconf 86' lang='lat' dir='ltr'><strong>ac</strong></span> <span class='ocrx_word' id='word_1_44' title='bbox 1657 377 1747 412; x_wconf 86' lang='lat' dir='ltr'><strong>laudi</strong></span> 
     </span>
     <span class='ocr_line' id='line_1_7' title="bbox 246 442 1746 489; baseline -0.001 -11"><span class='ocrx_word' id='word_1_45' title='bbox 246 446 439 478; x_wconf 76' lang='lat' dir='ltr'><strong>structarum</strong></span> <span class='ocrx_word' id='word_1_46' title='bbox 460 443 597 478; x_wconf 86' lang='lat' dir='ltr'><strong>callidus</strong></span> <span class='ocrx_word' id='word_1_47' title='bbox 620 442 740 478; x_wconf 78' lang='lat' dir='ltr'><strong>artifex</strong></span> <span class='ocrx_word' id='word_1_48' title='bbox 759 443 833 488; x_wconf 85' lang='lat' dir='ltr'><strong>(vit.</strong></span> <span class='ocrx_word' id='word_1_49' title='bbox 848 443 943 488; x_wconf 86' lang='lat'><strong>38.)‚</strong></span> <span class='ocrx_word' id='word_1_50' title='bbox 969 442 1029 476; x_wconf 89' lang='lat' dir='ltr'><strong>sed</strong></span> <span class='ocrx_word' id='word_1_51' title='bbox 1050 442 1148 476; x_wconf 86' lang='lat' dir='ltr'><strong>etiam</strong></span> <span class='ocrx_word' id='word_1_52' title='bbox 1173 442 1203 475; x_wconf 93' lang='lat' dir='ltr'><strong>si</strong></span> <span class='ocrx_word' id='word_1_53' title='bbox 1223 454 1350 477; x_wconf 88' lang='lat' dir='ltr'><strong>sumere</strong></span> <span class='ocrx_word' id='word_1_54' title='bbox 1373 443 1493 486; x_wconf 86' lang='lat' dir='ltr'><strong>liceat,</strong></span> <span class='ocrx_word' id='word_1_55' title='bbox 1514 443 1551 477; x_wconf 88' lang='lat' dir='ltr'><strong>id</strong></span> <span class='ocrx_word' id='word_1_56' title='bbox 1572 442 1662 489; x_wconf 83' lang='lat' dir='ltr'><strong>quod</strong></span> <span class='ocrx_word' id='word_1_57' title='bbox 1684 453 1746 489; x_wconf 81' lang='lat' dir='ltr'><strong>per</strong></span> 
     </span>
     <span class='ocr_line' id='line_1_8' title="bbox 247 506 1746 555; baseline -0.002 -12"><span class='ocrx_word' id='word_1_58' title='bbox 247 506 383 555; x_wconf 77' lang='lat' dir='ltr'><strong>Iosephi</strong></span> <span class='ocrx_word' id='word_1_59' title='bbox 407 506 561 542; x_wconf 86' lang='lat' dir='ltr'><strong>iudicium</strong></span> <span class='ocrx_word' id='word_1_60' title='bbox 583 507 624 543; x_wconf 89' lang='lat' dir='ltr'><strong>de</strong></span> <span class='ocrx_word' id='word_1_61' title='bbox 637 506 782 554; x_wconf 73' lang='lat' dir='ltr'><strong>‘ingenio</strong></span> <span class='ocrx_word' id='word_1_62' title='bbox 812 506 881 541; x_wconf 86' lang='lat' dir='ltr'><strong>eius</strong></span> <span class='ocrx_word' id='word_1_63' title='bbox 908 506 1057 553; x_wconf 83' lang='lat' dir='ltr'><strong>vitaeque</strong></span> <span class='ocrx_word' id='word_1_64' title='bbox 1078 506 1167 541; x_wconf 83' lang='lat' dir='ltr'><strong>exitu</strong></span> <span class='ocrx_word' id='word_1_65' title='bbox 1195 517 1260 541; x_wconf 92' lang='lat' dir='ltr'><strong>non</strong></span> <span class='ocrx_word' id='word_1_66' title='bbox 1287 506 1500 554; x_wconf 83' lang='lat' dir='ltr'><strong>improbabile</strong></span> <span class='ocrx_word' id='word_1_67' title='bbox 1522 506 1746 550; x_wconf 82' lang='lat' dir='ltr'><strong>iudicandum,</strong></span> 
     </span>
     <span class='ocr_line' id='line_1_9' title="bbox 242 570 1745 617; baseline -0.001 -11"><span class='ocrx_word' id='word_1_68' title='bbox 242 570 381 606; x_wconf 76' lang='lat' dir='ltr'><strong>eundem</strong></span> <span class='ocrx_word' id='word_1_69' title='bbox 395 570 484 605; x_wconf 90' lang='lat' dir='ltr'><strong>illum</strong></span> <span class='ocrx_word' id='word_1_70' title='bbox 496 571 599 607; x_wconf 84' lang='lat' dir='ltr'><strong>fuisse</strong></span> <span class='ocrx_word' id='word_1_71' title='bbox 613 583 654 607; x_wconf 80' lang='lat' dir='ltr'><strong>ex</strong></span> <span class='ocrx_word' id='word_1_72' title='bbox 663 572 757 606; x_wconf 89' lang='lat' dir='ltr'><strong>clade</strong></span> <span class='ocrx_word' id='word_1_73' title='bbox 764 570 1060 616; x_wconf 85' lang='lat' dir='ltr'><strong>Hierosolymitana</strong></span> <span class='ocrx_word' id='word_1_74' title='bbox 1072 570 1217 617; x_wconf 90' lang='lat' dir='ltr'><strong>elapsum</strong></span> <span class='ocrx_word' id='word_1_75' title='bbox 1231 570 1385 605; x_wconf 89' lang='lat' dir='ltr'><strong>tumultus</strong></span> <span class='ocrx_word' id='word_1_76' title='bbox 1399 575 1564 607; x_wconf 79' lang='lat' dir='ltr'><strong>auctorem</strong></span> <span class='ocrx_word' id='word_1_77' title='bbox 1574 571 1745 617; x_wconf 79' lang='lat' dir='ltr'><strong>Cyrenen-</strong></span> 
     </span>
     <span class='ocr_line' id='line_1_10' title="bbox 242 634 1744 682; baseline 0 -13"><span class='ocrx_word' id='word_1_78' title='bbox 242 635 313 679; x_wconf 86' lang='lat' dir='ltr'><strong>sis,</strong></span> <span class='ocrx_word' id='word_1_79' title='bbox 338 646 431 681; x_wconf 81' lang='lat' dir='ltr'><strong>quem</strong></span> <span class='ocrx_word' id='word_1_80' title='bbox 444 634 669 682; x_wconf 75' lang='lat' dir='ltr'><strong>Vespasianus</strong></span> <span class='ocrx_word' id='word_1_81' title='bbox 683 635 824 679; x_wconf 87' lang='lat' dir='ltr'><strong>Caesar,</strong></span> <span class='ocrx_word' id='word_1_82' title='bbox 848 647 942 681; x_wconf 85' lang='lat' dir='ltr'><strong>quum</strong></span> <span class='ocrx_word' id='word_1_83' title='bbox 956 634 1132 680; x_wconf 84' lang='lat' dir='ltr'><strong>Ioseplmm</strong></span> <span class='ocrx_word' id='word_1_84' title='bbox 1145 634 1232 668; x_wconf 90' lang='lat' dir='ltr'><strong>inter</strong></span> <span class='ocrx_word' id='word_1_85' title='bbox 1246 634 1330 668; x_wconf 88' lang='lat' dir='ltr'><strong>alios</strong></span> <span class='ocrx_word' id='word_1_86' title='bbox 1345 635 1463 669; x_wconf 91' lang='lat' dir='ltr'><strong>multos</strong></span> <span class='ocrx_word' id='word_1_87' title='bbox 1478 634 1622 670; x_wconf 89' lang='lat' dir='ltr'><strong>Iudaeos</strong></span> <span class='ocrx_word' id='word_1_88' title='bbox 1635 635 1744 673; x_wconf 49' lang='lat' dir='ltr'><strong>Alexe</strong></span> 
     </span>
     <span class='ocr_line' id='line_1_11' title="bbox 232 697 1742 741; baseline 0 -9"><span class='ocrx_word' id='word_1_89' title='bbox 232 698 401 741; x_wconf 19' lang='lat' dir='ltr'><strong>*andrinos</strong></span> <span class='ocrx_word' id='word_1_90' title='bbox 430 702 464 732; x_wconf 88' lang='lat' dir='ltr'><strong>et</strong></span> <span class='ocrx_word' id='word_1_91' title='bbox 483 698 649 732; x_wconf 86' lang='lat' dir='ltr'><strong>Romanos</strong></span> <span class='ocrx_word' id='word_1_92' title='bbox 678 698 914 733; x_wconf 89' lang='lat' dir='ltr'><strong>coniurationis</strong></span> <span class='ocrx_word' id='word_1_93' title='bbox 936 697 1159 732; x_wconf 80' lang='lat' dir='ltr'><strong>clandestinae</strong></span> <span class='ocrx_word' id='word_1_94' title='bbox 1179 708 1268 731; x_wconf 86' lang='lat' dir='ltr'><strong>reum</strong></span> <span class='ocrx_word' id='word_1_95' title='bbox 1296 697 1450 741; x_wconf 85' lang='lat' dir='ltr'><strong>fecisset,</strong></span> <span class='ocrx_word' id='word_1_96' title='bbox 1473 699 1576 732; x_wconf 84' lang='lat' dir='ltr'><strong>vivum</strong></span> <span class='ocrx_word' id='word_1_97' title='bbox 1596 699 1742 735; x_wconf 84' lang='lat' dir='ltr'><strong>comburi</strong></span> 
     </span>
     <span class='ocr_line' id='line_1_12' title="bbox 246 760 1742 808; baseline -0.001 -13"><span class='ocrx_word' id='word_1_98' title='bbox 246 760 362 804; x_wconf 83' lang='lat' dir='ltr'><strong>iussit,</strong></span> <span class='ocrx_word' id='word_1_99' title='bbox 390 761 567 795; x_wconf 89' lang='lat' dir='ltr'><strong>seditiosus</strong></span> <span class='ocrx_word' id='word_1_100' title='bbox 586 761 682 796; x_wconf 76' lang='lat' dir='ltr'><strong>liomo</strong></span> <span class='ocrx_word' id='word_1_101' title='bbox 705 761 768 796; x_wconf 83' lang='lat' dir='ltr'><strong>fuit</strong></span> <span class='ocrx_word' id='word_1_102' title='bbox 790 773 829 795; x_wconf 91' lang='lat' dir='ltr'><strong>ac</strong></span> <span class='ocrx_word' id='word_1_103' title='bbox 847 761 1048 795; x_wconf 85' lang='lat' dir='ltr'><strong>turbulentus</strong></span> <span class='ocrx_word' id='word_1_104' title='bbox 1062 760 1211 807; x_wconf 86' lang='lat' dir='ltr'><strong>idemque</strong></span> <span class='ocrx_word' id='word_1_105' title='bbox 1225 762 1253 795; x_wconf 91' lang='lat' dir='ltr'><strong>si</strong></span> <span class='ocrx_word' id='word_1_106' title='bbox 1267 773 1307 795; x_wconf 80' lang='lat' dir='ltr'><strong>ex</strong></span> <span class='ocrx_word' id='word_1_107' title='bbox 1325 762 1457 808; x_wconf 88' lang='lat' dir='ltr'><strong>opificio</strong></span> <span class='ocrx_word' id='word_1_108' title='bbox 1472 762 1628 806; x_wconf 77' lang='lat' dir='ltr'><strong>textoris,</strong></span> <span class='ocrx_word' id='word_1_109' title='bbox 1655 761 1742 808; x_wconf 85' lang='lat' dir='ltr'><strong>quod</strong></span> 
     </span>
     <span class='ocr_line' id='line_1_13' title="bbox 239 823 1740 873; baseline 0.002 -14"><span class='ocrx_word' id='word_1_110' title='bbox 239 825 429 859; x_wconf 83' lang='lat' dir='ltr'><strong>exercuisse</strong></span> <span class='ocrx_word' id='word_1_111' title='bbox 455 828 622 867; x_wconf 83' lang='lat' dir='ltr'><strong>narratur,</strong></span> <span class='ocrx_word' id='word_1_112' title='bbox 655 825 871 859; x_wconf 87' lang='lat' dir='ltr'><strong>coniecturam</strong></span> <span class='ocrx_word' id='word_1_113' title='bbox 895 823 1005 858; x_wconf 87' lang='lat' dir='ltr'><strong>facere</strong></span> <span class='ocrx_word' id='word_1_114' title='bbox 1029 824 1126 868; x_wconf 91' lang='lat' dir='ltr'><strong>licet,</strong></span> <span class='ocrx_word' id='word_1_115' title='bbox 1161 824 1225 869; x_wconf 86' lang='lat' dir='ltr'><strong>(cf.</strong></span> <span class='ocrx_word' id='word_1_116' title='bbox 1246 825 1339 859; x_wconf 86' lang='lat' dir='ltr'><strong>Actt.</strong></span> <span class='ocrx_word' id='word_1_117' title='bbox 1368 827 1424 869; x_wconf 87' lang='lat'><strong>18,</strong></span> <span class='ocrx_word' id='word_1_118' title='bbox 1451 827 1486 860; x_wconf 88' lang='lat'><strong>3.</strong></span> <span class='ocrx_word' id='word_1_119' title='bbox 1510 824 1740 873; x_wconf 72' lang='grc' dir='ltr'><strong>σκηνοποιὸς.)</strong></span> 
     </span>
     <span class='ocr_line' id='line_1_14' title="bbox 241 887 1738 935; baseline 0 -13"><span class='ocrx_word' id='word_1_120' title='bbox 241 887 382 923; x_wconf 82' lang='lat' dir='ltr'><strong>Rabbini</strong></span> <span class='ocrx_word' id='word_1_121' title='bbox 405 887 561 933; x_wconf 85' lang='lat' dir='ltr'><strong>dignitate</strong></span> <span class='ocrx_word' id='word_1_122' title='bbox 578 888 716 923; x_wconf 89' lang='lat' dir='ltr'><strong>illustris</strong></span> <span class='ocrx_word' id='word_1_123' title='bbox 722 913 734 932; x_wconf 89' lang='lat'><strong>,</strong></span> <span class='ocrx_word' id='word_1_124' title='bbox 761 892 798 922; x_wconf 91' lang='lat' dir='ltr'><strong>ut</strong></span> <span class='ocrx_word' id='word_1_125' title='bbox 813 887 853 922; x_wconf 88' lang='lat' dir='ltr'><strong>ad</strong></span> <span class='ocrx_word' id='word_1_126' title='bbox 866 887 1091 922; x_wconf 75' lang='lat' dir='ltr'><strong>concitandam</strong></span> <span class='ocrx_word' id='word_1_127' title='bbox 1107 888 1235 923; x_wconf 90' lang='lat' dir='ltr'><strong>scilicet</strong></span> <span class='ocrx_word' id='word_1_128' title='bbox 1248 888 1402 923; x_wconf 85' lang='lat' dir='ltr'><strong>adversus</strong></span> <span class='ocrx_word' id='word_1_129' title='bbox 1417 888 1595 935; x_wconf 85' lang='lat' dir='ltr'><strong>Ioseplmm</strong></span> <span class='ocrx_word' id='word_1_130' title='bbox 1610 889 1738 935; x_wconf 83' lang='lat' dir='ltr'><strong>plebem</strong></span> 
     </span>
     <span class='ocr_line' id='line_1_15' title="bbox 242 950 1736 998; baseline 0.001 -12"><span class='ocrx_word' id='word_1_131' title='bbox 242 950 303 998; x_wconf 62' lang='lat' dir='ltr'><strong>qui‘</strong></span> <span class='ocrx_word' id='word_1_132' title='bbox 316 951 462 998; x_wconf 78' lang='lat' dir='ltr'><strong>paratior</strong></span> <span class='ocrx_word' id='word_1_133' title='bbox 480 956 569 986; x_wconf 86' lang='lat' dir='ltr'><strong>esset</strong></span> <span class='ocrx_word' id='word_1_134' title='bbox 594 956 689 998; x_wconf 87' lang='lat' dir='ltr'><strong>atque</strong></span> <span class='ocrx_word' id='word_1_135' title='bbox 707 952 867 998; x_wconf 88' lang='lat' dir='ltr'><strong>promtior</strong></span> <span class='ocrx_word' id='word_1_136' title='bbox 884 951 1021 997; x_wconf 86' lang='lat' dir='ltr'><strong>reperiri</strong></span> <span class='ocrx_word' id='word_1_137' title='bbox 1041 963 1107 985; x_wconf 90' lang='lat' dir='ltr'><strong>non</strong></span> <span class='ocrx_word' id='word_1_138' title='bbox 1126 952 1273 998; x_wconf 87' lang='lat' dir='ltr'><strong>potuisse</strong></span> <span class='ocrx_word' id='word_1_139' title='bbox 1288 952 1436 986; x_wconf 85' lang='lat' dir='ltr'><strong>videatur</strong></span> <span class='ocrx_word' id='word_1_140' title='bbox 1451 952 1512 998; x_wconf 92' lang='grc' dir='ltr'><strong>(Β.</strong></span> <span class='ocrx_word' id='word_1_141' title='bbox 1524 952 1555 986; x_wconf 94' lang='grc' dir='ltr'><strong>Ι.</strong></span> <span class='ocrx_word' id='word_1_142' title='bbox 1572 955 1606 996; x_wconf 88' lang='grc'><strong>7,</strong></span> <span class='ocrx_word' id='word_1_143' title='bbox 1626 955 1682 995; x_wconf 88' lang='grc'><strong>11,</strong></span> <span class='ocrx_word' id='word_1_144' title='bbox 1705 955 1736 988; x_wconf 85' lang='lat'><strong>1.</strong></span> 
     </span>
     <span class='ocr_line' id='line_1_16' title="bbox 240 1014 1737 1062; baseline -0.001 -11"><span class='ocrx_word' id='word_1_145' title='bbox 240 1018 276 1051; x_wconf 85' lang='lat'><strong>3.</strong></span> <span class='ocrx_word' id='word_1_146' title='bbox 291 1016 348 1051; x_wconf 79' lang='lat' dir='ltr'><strong>vit.</strong></span> <span class='ocrx_word' id='word_1_147' title='bbox 363 1016 440 1062; x_wconf 83' lang='lat'>76.)</span> <span class='ocrx_word' id='word_1_148' title='bbox 491 1014 644 1050; x_wconf 89' lang='lat' dir='ltr'><strong>Secundo</strong></span> <span class='ocrx_word' id='word_1_149' title='bbox 660 1016 735 1050; x_wconf 89' lang='lat' dir='ltr'><strong>loco</strong></span> <span class='ocrx_word' id='word_1_150' title='bbox 753 1016 807 1061; x_wconf 88' lang='lat' dir='ltr'><strong>qui</strong></span> <span class='ocrx_word' id='word_1_151' title='bbox 820 1015 964 1061; x_wconf 87' lang='lat' dir='ltr'><strong>sequitur</strong></span> <span class='ocrx_word' id='word_1_152' title='bbox 975 1014 1159 1049; x_wconf 83' lang='lat' dir='ltr'><strong>Ananias</strong></span> <span class='ocrx_word' id='word_1_153' title='bbox 1181 1021 1250 1059; x_wconf 89' lang='lat' dir='ltr'><strong>cst,</strong></span> <span class='ocrx_word' id='word_1_154' title='bbox 1276 1017 1456 1051; x_wconf 86' lang='lat' dir='ltr'><strong>sceleratus</strong></span> <span class='ocrx_word' id='word_1_155' title='bbox 1470 1017 1567 1051; x_wconf 84' lang='lat' dir='ltr'><strong>homo</strong></span> <span class='ocrx_word' id='word_1_156' title='bbox 1584 1020 1617 1050; x_wconf 88' lang='lat' dir='ltr'><strong>et</strong></span> <span class='ocrx_word' id='word_1_157' title='bbox 1631 1016 1737 1049; x_wconf 88' lang='lat' dir='ltr'><strong>malo·</strong></span> 
     </span>
     <span class='ocr_line' id='line_1_17' title="bbox 239 1073 1737 1125; baseline -0.001 -11"><span class='ocrx_word' id='word_1_158' title='bbox 239 1092 308 1115; x_wconf 88' lang='lat' dir='ltr'><strong>rum</strong></span> <span class='ocrx_word' id='word_1_159' title='bbox 324 1079 453 1123; x_wconf 82' lang='lat' dir='ltr'><strong>artifex,</strong></span> <span class='ocrx_word' id='word_1_160' title='bbox 468 1080 568 1125; x_wconf 87' lang='lat' dir='ltr'><strong>quiin</strong></span> <span class='ocrx_word' id='word_1_161' title='bbox 581 1080 655 1114; x_wconf 93' lang='lat' dir='ltr'><strong>loco</strong></span> <span class='ocrx_word' id='word_1_162' title='bbox 669 1079 826 1125; x_wconf 85' lang='lat' dir='ltr'><strong>parallelo</strong></span> <span class='ocrx_word' id='word_1_163' title='bbox 841 1080 1023 1114; x_wconf 83' lang='grc' dir='ltr'><strong><em>Σαδδουκὶ</em></strong></span> <span class='ocrx_word' id='word_1_164' title='bbox 1036 1079 1079 1113; x_wconf 90' lang='grc' dir='ltr'><strong>Β.</strong></span> <span class='ocrx_word' id='word_1_165' title='bbox 1094 1078 1124 1112; x_wconf 94' lang='grc' dir='ltr'><strong>Ι.</strong></span> <span class='ocrx_word' id='word_1_166' title='bbox 1140 1073 1174 1123; x_wconf 90' lang='grc'><strong>2,</strong></span> <span class='ocrx_word' id='word_1_167' title='bbox 1193 1082 1249 1123; x_wconf 91' lang='grc'><strong>17,</strong></span> <span class='ocrx_word' id='word_1_168' title='bbox 1267 1082 1322 1114; x_wconf 85' lang='grc'><strong>10.</strong></span> <span class='ocrx_word' id='word_1_169' title='bbox 1339 1082 1396 1123; x_wconf 87' lang='grc'><strong>21,</strong></span> <span class='ocrx_word' id='word_1_170' title='bbox 1411 1082 1459 1122; x_wconf 89' lang='grc'><strong>7.,</strong></span> <span class='ocrx_word' id='word_1_171' title='bbox 1475 1080 1737 1125; x_wconf 81' lang='lat' dir='ltr'><strong>cognominatus,</strong></span> 
     </span>
     <span class='ocr_line' id='line_1_18' title="bbox 240 1141 1736 1188; baseline -0.001 -11"><span class='ocrx_word' id='word_1_172' title='bbox 240 1143 283 1177; x_wconf 87' lang='lat' dir='ltr'><strong>ad</strong></span> <span class='ocrx_word' id='word_1_173' title='bbox 295 1142 605 1177; x_wconf 82' lang='lat' dir='ltr'><strong>circumveniendum</strong></span> <span class='ocrx_word' id='word_1_174' title='bbox 617 1141 792 1188; x_wconf 86' lang='lat' dir='ltr'><strong>Iosephum</strong></span> <span class='ocrx_word' id='word_1_175' title='bbox 807 1146 841 1176; x_wconf 88' lang='lat' dir='ltr'><strong>et</strong></span> <span class='ocrx_word' id='word_1_176' title='bbox 851 1143 1006 1176; x_wconf 86' lang='lat' dir='ltr'><strong>inermem</strong></span> <span class='ocrx_word' id='word_1_177' title='bbox 1020 1142 1260 1188; x_wconf 87' lang='lat' dir='ltr'><strong>opprimendmn</strong></span> <span class='ocrx_word' id='word_1_178' title='bbox 1269 1167 1280 1185; x_wconf 86' lang='lat'><strong><em>‚</em></strong></span> <span class='ocrx_word' id='word_1_179' title='bbox 1308 1143 1477 1187; x_wconf 84' lang='lat' dir='ltr'><strong>religionis</strong></span> <span class='ocrx_word' id='word_1_180' title='bbox 1498 1146 1671 1188; x_wconf 84' lang='lat' dir='ltr'><strong>praetextu</strong></span> <span class='ocrx_word' id='word_1_181' title='bbox 1684 1143 1736 1176; x_wconf 89' lang='lat' dir='ltr'><strong>ie-</strong></span> 
     </span>
     <span class='ocr_line' id='line_1_19' title="bbox 237 1204 1732 1252; baseline 0 -12"><span class='ocrx_word' id='word_1_182' title='bbox 237 1206 359 1240; x_wconf 86' lang='lat' dir='ltr'><strong>iunium</strong></span> <span class='ocrx_word' id='word_1_183' title='bbox 377 1205 506 1252; x_wconf 87' lang='lat' dir='ltr'><strong>publice</strong></span> <span class='ocrx_word' id='word_1_184' title='bbox 529 1205 686 1252; x_wconf 85' lang='lat' dir='ltr'><strong>agendum</strong></span> <span class='ocrx_word' id='word_1_185' title='bbox 705 1205 935 1240; x_wconf 83' lang='lat' dir='ltr'><strong>Tarichaeatis</strong></span> <span class='ocrx_word' id='word_1_186' title='bbox 961 1204 1095 1248; x_wconf 71' lang='lat' dir='ltr'><strong>indixit,</strong></span> <span class='ocrx_word' id='word_1_187' title='bbox 1121 1205 1272 1239; x_wconf 86' lang='lat' dir='ltr'><strong>universa</strong></span> <span class='ocrx_word' id='word_1_188' title='bbox 1292 1206 1405 1251; x_wconf 90' lang='lat' dir='ltr'><strong>populi</strong></span> <span class='ocrx_word' id='word_1_189' title='bbox 1429 1206 1634 1241; x_wconf 86' lang='lat' dir='ltr'><strong>multitudine</strong></span> <span class='ocrx_word' id='word_1_190' title='bbox 1660 1217 1732 1240; x_wconf 90' lang='lat' dir='ltr'><strong>cum</strong></span> 
     </span>
     <span class='ocr_line' id='line_1_20' title="bbox 241 1268 1733 1315; baseline -0.001 -12"><span class='ocrx_word' id='word_1_191' title='bbox 241 1268 385 1315; x_wconf 81' lang='lat' dir='ltr'><strong>Iosepho</strong></span> <span class='ocrx_word' id='word_1_192' title='bbox 394 1293 406 1311; x_wconf 94' lang='lat'><strong>,</strong></span> <span class='ocrx_word' id='word_1_193' title='bbox 431 1272 497 1302; x_wconf 84' lang='lat' dir='ltr'><strong>tum</strong></span> <span class='ocrx_word' id='word_1_194' title='bbox 512 1269 668 1315; x_wconf 86' lang='lat' dir='ltr'><strong>temporis</strong></span> <span class='ocrx_word' id='word_1_195' title='bbox 684 1269 729 1302; x_wconf 84' lang='lat' dir='ltr'><strong>ibi</strong></span> <span class='ocrx_word' id='word_1_196' title='bbox 744 1272 962 1303; x_wconf 83' lang='lat' dir='ltr'><strong>commorante</strong></span> <span class='ocrx_word' id='word_1_197' title='bbox 980 1269 1015 1302; x_wconf 94' lang='lat' dir='ltr'><strong>in</strong></span> <span class='ocrx_word' id='word_1_198' title='bbox 1029 1279 1224 1313; x_wconf 77' lang='lat' dir='ltr'><strong>synagogam</strong></span> <span class='ocrx_word' id='word_1_199' title='bbox 1243 1268 1313 1302; x_wconf 87' lang='lat' dir='ltr'><strong>sine</strong></span> <span class='ocrx_word' id='word_1_200' title='bbox 1331 1269 1427 1302; x_wconf 85' lang='lat' dir='ltr'><strong>armis</strong></span> <span class='ocrx_word' id='word_1_201' title='bbox 1442 1269 1614 1303; x_wconf 88' lang='lat' dir='ltr'><strong>convenire</strong></span> <span class='ocrx_word' id='word_1_202' title='bbox 1629 1269 1733 1312; x_wconf 86' lang='lat' dir='ltr'><strong>iussa,</strong></span> 
     </span>
     <span class='ocr_line' id='line_1_21' title="bbox 238 1330 1734 1378; baseline 0 -12"><span class='ocrx_word' id='word_1_203' title='bbox 238 1345 301 1378; x_wconf 88' lang='lat' dir='ltr'><strong>quo</strong></span> <span class='ocrx_word' id='word_1_204' title='bbox 322 1332 444 1366; x_wconf 87' lang='lat' dir='ltr'><strong>certius</strong></span> <span class='ocrx_word' id='word_1_205' title='bbox 466 1330 608 1366; x_wconf 87' lang='lat' dir='ltr'><strong>Ioannes</strong></span> <span class='ocrx_word' id='word_1_206' title='bbox 630 1332 858 1368; x_wconf 86' lang='lat' dir='ltr'><strong>Gischalcnsis</strong></span> <span class='ocrx_word' id='word_1_207' title='bbox 875 1331 998 1378; x_wconf 76' lang='lat' dir='ltr'><strong>praeda</strong></span> <span class='ocrx_word' id='word_1_208' title='bbox 1017 1333 1113 1377; x_wconf 67' lang='lat' dir='ltr'><strong>pacta</strong></span> <span class='ocrx_word' id='word_1_209' title='bbox 1135 1335 1169 1364; x_wconf 87' lang='lat' dir='ltr'><strong>et</strong></span> <span class='ocrx_word' id='word_1_210' title='bbox 1189 1332 1350 1376; x_wconf 71' lang='lat' dir='ltr'><strong>promissa</strong></span> <span class='ocrx_word' id='word_1_211' title='bbox 1374 1333 1535 1377; x_wconf 86' lang='lat' dir='ltr'><strong>potiretur</strong></span> <span class='ocrx_word' id='word_1_212' title='bbox 1556 1334 1631 1377; x_wconf 89' lang='lat' dir='ltr'><strong>(vit.</strong></span> <span class='ocrx_word' id='word_1_213' title='bbox 1656 1334 1734 1378; x_wconf 82' lang='lat'><strong>56.)</strong></span> 
     </span>
     <span class='ocr_line' id='line_1_22' title="bbox 238 1393 1732 1442; baseline 0 -12"><span class='ocrx_word' id='word_1_214' title='bbox 238 1394 374 1431; x_wconf 89' lang='lat' dir='ltr'><strong>Tertius</strong></span> <span class='ocrx_word' id='word_1_215' title='bbox 387 1394 474 1429; x_wconf 79' lang='lat' dir='ltr'><strong>hunc</strong></span> <span class='ocrx_word' id='word_1_216' title='bbox 489 1395 611 1442; x_wconf 84' lang='lat' dir='ltr'><strong>excipit</strong></span> <span class='ocrx_word' id='word_1_217' title='bbox 624 1395 670 1431; x_wconf 91' lang='lat' dir='ltr'><strong>Io</strong></span> <span class='ocrx_word' id='word_1_218' title='bbox 681 1407 846 1438; x_wconf 86' lang='lat' dir='ltr'><strong>azarus,</strong></span> <span class='ocrx_word' id='word_1_219' title='bbox 878 1393 897 1430; x_wconf 89' lang='grc' dir='ltr'><strong>ὁ</strong></span> <span class='ocrx_word' id='word_1_220' title='bbox 915 1396 981 1430; x_wconf 87' lang='grc' dir='ltr'><strong>τοῦ</strong></span> <span class='ocrx_word' id='word_1_221' title='bbox 996 1395 1151 1440; x_wconf 77' lang='grc' dir='ltr'><em>Νομικοῦ</em></span> <span class='ocrx_word' id='word_1_222' title='bbox 1165 1394 1224 1439; x_wconf 92' lang='grc' dir='ltr'><strong>(Β.</strong></span> <span class='ocrx_word' id='word_1_223' title='bbox 1239 1394 1269 1429; x_wconf 94' lang='grc' dir='ltr'><strong>Ι.</strong></span> <span class='ocrx_word' id='word_1_224' title='bbox 1286 1396 1318 1438; x_wconf 90' lang='grc'><strong>2,</strong></span> <span class='ocrx_word' id='word_1_225' title='bbox 1333 1396 1390 1438; x_wconf 91' lang='grc'><strong>21,</strong></span> <span class='ocrx_word' id='word_1_226' title='bbox 1408 1396 1460 1440; x_wconf 88' lang='grc'><strong>7.)</strong></span> <span class='ocrx_word' id='word_1_227' title='bbox 1475 1395 1508 1429; x_wconf 90' lang='lat' dir='ltr'><strong>id</strong></span> <span class='ocrx_word' id='word_1_228' title='bbox 1524 1400 1575 1430; x_wconf 87' lang='lat' dir='ltr'><strong>est</strong></span> <span class='ocrx_word' id='word_1_229' title='bbox 1591 1396 1643 1430; x_wconf 86' lang='lat' dir='ltr'><strong>vel</strong></span> <span class='ocrx_word' id='word_1_230' title='bbox 1657 1395 1732 1431; x_wconf 87' lang='lat' dir='ltr'><strong>No-</strong></span> 
     </span>
     <span class='ocr_line' id='line_1_23' title="bbox 234 1456 1731 1505; baseline 0 -11"><span class='ocrx_word' id='word_1_231' title='bbox 234 1459 311 1494; x_wconf 92' lang='lat' dir='ltr'><strong>mici</strong></span> <span class='ocrx_word' id='word_1_232' title='bbox 329 1457 494 1494; x_wconf 87' lang='lat' dir='ltr'><strong>cuiusdam</strong></span> <span class='ocrx_word' id='word_1_233' title='bbox 513 1457 601 1493; x_wconf 88' lang='lat' dir='ltr'><strong>filius</strong></span> <span class='ocrx_word' id='word_1_234' title='bbox 618 1459 669 1494; x_wconf 88' lang='lat' dir='ltr'><strong>vel</strong></span> <span class='ocrx_word' id='word_1_235' title='bbox 687 1463 724 1494; x_wconf 88' lang='lat' dir='ltr'><strong>ut</strong></span> <span class='ocrx_word' id='word_1_236' title='bbox 739 1457 876 1493; x_wconf 86' lang='lat' dir='ltr'><strong>Rufinus</strong></span> <span class='ocrx_word' id='word_1_237' title='bbox 890 1457 943 1493; x_wconf 89' lang='lat' dir='ltr'><strong>ed.</strong></span> <span class='ocrx_word' id='word_1_238' title='bbox 957 1457 1065 1492; x_wconf 88' lang='lat' dir='ltr'><strong>Paris.</strong></span> <span class='ocrx_word' id='word_1_239' title='bbox 1086 1457 1190 1491; x_wconf 90' lang='lat'>1511.</span> <span class='ocrx_word' id='word_1_240' title='bbox 1204 1456 1280 1492; x_wconf 90' lang='lat' dir='ltr'><strong>Fol.</strong></span> <span class='ocrx_word' id='word_1_241' title='bbox 1297 1456 1463 1493; x_wconf 87' lang='lat' dir='ltr'>CLXIX.</span> <span class='ocrx_word' id='word_1_242' title='bbox 1485 1458 1731 1505; x_wconf 59' lang='lat' dir='ltr'><strong>„iurisperitiff</strong></span> 
     </span>
     <span class='ocr_line' id='line_1_24' title="bbox 234 1519 1733 1571; baseline 0 -13"><span class='ocrx_word' id='word_1_243' title='bbox 234 1522 338 1571; x_wconf 85' lang='lat' dir='ltr'><strong>patris</strong></span> <span class='ocrx_word' id='word_1_244' title='bbox 350 1521 457 1569; x_wconf 85' lang='lat' dir='ltr'><strong>legum</strong></span> <span class='ocrx_word' id='word_1_245' title='bbox 473 1521 592 1569; x_wconf 87' lang='lat' dir='ltr'><strong>peritia</strong></span> <span class='ocrx_word' id='word_1_246' title='bbox 607 1521 793 1569; x_wconf 82' lang='lat' dir='ltr'><strong>conspicui,</strong></span> <span class='ocrx_word' id='word_1_247' title='bbox 816 1521 959 1557; x_wconf 82' lang='lat' dir='ltr'><strong>fortasse</strong></span> <span class='ocrx_word' id='word_1_248' title='bbox 974 1531 1096 1567; x_wconf 75' lang='lat' dir='ltr'><strong>nep0S,</strong></span> <span class='ocrx_word' id='word_1_249' title='bbox 1121 1523 1157 1555; x_wconf 91' lang='lat' dir='ltr'><strong>ut</strong></span> <span class='ocrx_word' id='word_1_250' title='bbox 1170 1519 1238 1556; x_wconf 89' lang='lat' dir='ltr'><strong>fere</strong></span> <span class='ocrx_word' id='word_1_251' title='bbox 1252 1524 1387 1567; x_wconf 89' lang='lat' dir='ltr'><strong>nepotes</strong></span> <span class='ocrx_word' id='word_1_252' title='bbox 1404 1533 1532 1557; x_wconf 85' lang='lat' dir='ltr'><strong>avorum</strong></span> <span class='ocrx_word' id='word_1_253' title='bbox 1548 1522 1733 1558; x_wconf 88' lang='lat' dir='ltr'><strong>nominibus</strong></span> 
     </span>
     <span class='ocr_line' id='line_1_25' title="bbox 234 1582 1730 1631; baseline 0.001 -11"><span class='ocrx_word' id='word_1_254' title='bbox 234 1585 371 1620; x_wconf 85' lang='lat' dir='ltr'><strong>vocitari</strong></span> <span class='ocrx_word' id='word_1_255' title='bbox 388 1588 639 1629; x_wconf 85' lang='lat' dir='ltr'><strong>consueverant,</strong></span> <span class='ocrx_word' id='word_1_256' title='bbox 663 1584 811 1629; x_wconf 85' lang='lat' dir='ltr'><strong>Ioazari,</strong></span> <span class='ocrx_word' id='word_1_257' title='bbox 836 1583 959 1619; x_wconf 86' lang='lat' dir='ltr'><strong>Boethi</strong></span> <span class='ocrx_word' id='word_1_258' title='bbox 970 1582 1186 1618; x_wconf 82' lang='lat' dir='ltr'><strong>Alexandrini</strong></span> <span class='ocrx_word' id='word_1_259' title='bbox 1208 1582 1284 1628; x_wconf 82' lang='lat' dir='ltr'><strong>filii,</strong></span> <span class='ocrx_word' id='word_1_260' title='bbox 1311 1595 1402 1631; x_wconf 84' lang='lat' dir='ltr'><strong>quem</strong></span> <span class='ocrx_word' id='word_1_261' title='bbox 1416 1584 1611 1621; x_wconf 74' lang='lat' dir='ltr'><strong>Pontificem</strong></span> <span class='ocrx_word' id='word_1_262' title='bbox 1625 1584 1676 1621; x_wconf 90' lang='lat' dir='ltr'><strong>M.</strong></span> <span class='ocrx_word' id='word_1_263' title='bbox 1692 1586 1730 1620; x_wconf 81' lang='lat' dir='ltr'><strong>ab</strong></span> 
     </span>
     <span class='ocr_line' id='line_1_26' title="bbox 232 1646 1729 1695; baseline 0.001 -12"><span class='ocrx_word' id='word_1_264' title='bbox 232 1649 367 1684; x_wconf 84' lang='lat' dir='ltr'><strong>Herode</strong></span> <span class='ocrx_word' id='word_1_265' title='bbox 384 1649 435 1683; x_wconf 91' lang='grc' dir='ltr'><strong>Μ.</strong></span> <span class='ocrx_word' id='word_1_266' title='bbox 457 1649 684 1692; x_wconf 87' lang='lat' dir='ltr'><strong>constitutum,</strong></span> <span class='ocrx_word' id='word_1_267' title='bbox 707 1647 801 1682; x_wconf 90' lang='lat' dir='ltr'><strong>Antt.</strong></span> <span class='ocrx_word' id='word_1_268' title='bbox 821 1650 876 1691; x_wconf 87' lang='lat'><strong>17,</strong></span> <span class='ocrx_word' id='word_1_269' title='bbox 899 1649 933 1690; x_wconf 82' lang='lat'><strong>6,</strong></span> <span class='ocrx_word' id='word_1_270' title='bbox 959 1648 995 1680; x_wconf 76' lang='lat'><strong>4.</strong></span> <span class='ocrx_word' id='word_1_271' title='bbox 1018 1647 1057 1681; x_wconf 87' lang='lat' dir='ltr'><strong>ab</strong></span> <span class='ocrx_word' id='word_1_272' title='bbox 1077 1646 1242 1682; x_wconf 84' lang='lat' dir='ltr'><strong>Archelao</strong></span> <span class='ocrx_word' id='word_1_273' title='bbox 1266 1652 1371 1682; x_wconf 89' lang='lat' dir='ltr'><strong>autem</strong></span> <span class='ocrx_word' id='word_1_274' title='bbox 1393 1649 1451 1683; x_wconf 86' lang='lat' dir='ltr'><strong>sub</strong></span> <span class='ocrx_word' id='word_1_275' title='bbox 1472 1649 1600 1684; x_wconf 87' lang='lat' dir='ltr'><strong>initium</strong></span> <span class='ocrx_word' id='word_1_276' title='bbox 1624 1650 1729 1695; x_wconf 85' lang='lat' dir='ltr'><strong>regni,</strong></span> 
     </span>
     <span class='ocr_line' id='line_1_27' title="bbox 231 1709 1730 1759; baseline 0 -11"><span class='ocrx_word' id='word_1_277' title='bbox 231 1713 420 1748; x_wconf 87' lang='lat' dir='ltr'><strong>Pharisaeis</strong></span> <span class='ocrx_word' id='word_1_278' title='bbox 434 1712 681 1759; x_wconf 82' lang='lat' dir='ltr'><strong>instigantibus,</strong></span> <span class='ocrx_word' id='word_1_279' title='bbox 705 1711 779 1746; x_wconf 90' lang='lat' dir='ltr'><strong>loco</strong></span> <span class='ocrx_word' id='word_1_280' title='bbox 794 1715 915 1745; x_wconf 91' lang='lat' dir='ltr'><strong>motum</strong></span> <span class='ocrx_word' id='word_1_281' title='bbox 929 1710 974 1744; x_wconf 83' lang='lat' dir='ltr'><strong>ib.</strong></span> <span class='ocrx_word' id='word_1_282' title='bbox 994 1712 1049 1753; x_wconf 88' lang='lat'><strong>13,</strong></span> <span class='ocrx_word' id='word_1_283' title='bbox 1067 1713 1099 1744; x_wconf 93' lang='grc'><strong>1.</strong></span> <span class='ocrx_word' id='word_1_284' title='bbox 1120 1709 1175 1744; x_wconf 82' lang='lat' dir='ltr'><strong>cll.</strong></span> <span class='ocrx_word' id='word_1_285' title='bbox 1193 1712 1227 1754; x_wconf 82' lang='lat'><strong>9,</strong></span> <span class='ocrx_word' id='word_1_286' title='bbox 1245 1714 1276 1745; x_wconf 94' lang='lat' dir='ltr'><strong>l.</strong></span> <span class='ocrx_word' id='word_1_287' title='bbox 1292 1711 1409 1746; x_wconf 88' lang='lat' dir='ltr'><strong>seimus</strong></span> <span class='ocrx_word' id='word_1_288' title='bbox 1427 1712 1579 1759; x_wconf 82' lang='lat' dir='ltr'><strong>posthac,</strong></span> <span class='ocrx_word' id='word_1_289' title='bbox 1599 1712 1730 1749; x_wconf 84' lang='lat' dir='ltr'><strong>Arche.-</strong></span> 
     </span>
     <span class='ocr_line' id='line_1_28' title="bbox 231 1773 1731 1823; baseline -0.001 -11"><span class='ocrx_word' id='word_1_290' title='bbox 231 1778 285 1812; x_wconf 92' lang='lat' dir='ltr'><strong>lao</strong></span> <span class='ocrx_word' id='word_1_291' title='bbox 300 1777 335 1812; x_wconf 93' lang='lat' dir='ltr'><strong>in</strong></span> <span class='ocrx_word' id='word_1_292' title='bbox 348 1776 478 1812; x_wconf 78' lang='lat' dir='ltr'><strong>exilium</strong></span> <span class='ocrx_word' id='word_1_293' title='bbox 491 1776 604 1820; x_wconf 88' lang='lat' dir='ltr'><strong>misso,</strong></span> <span class='ocrx_word' id='word_1_294' title='bbox 631 1775 772 1822; x_wconf 89' lang='lat' dir='ltr'><strong>Coponii</strong></span> <span class='ocrx_word' id='word_1_295' title='bbox 787 1774 941 1821; x_wconf 88' lang='lat' dir='ltr'><strong>auspiciis</strong></span> <span class='ocrx_word' id='word_1_296' title='bbox 957 1774 1070 1808; x_wconf 87' lang='lat' dir='ltr'><strong>censui</strong></span> <span class='ocrx_word' id='word_1_297' title='bbox 1082 1773 1222 1819; x_wconf 83' lang='lat' dir='ltr'><strong>agendo,</strong></span> <span class='ocrx_word' id='word_1_298' title='bbox 1245 1775 1449 1822; x_wconf 82' lang='lat' dir='ltr'><strong>suffragatum</strong></span> <span class='ocrx_word' id='word_1_299' title='bbox 1468 1781 1566 1823; x_wconf 87' lang='lat' dir='ltr'><strong>atque</strong></span> <span class='ocrx_word' id='word_1_300' title='bbox 1581 1776 1731 1823; x_wconf 88' lang='lat' dir='ltr'><strong>patroci-</strong></span> 
     </span>
     <span class='ocr_line' id='line_1_29' title="bbox 231 1836 1729 1887; baseline 0.001 -12"><span class='ocrx_word' id='word_1_301' title='bbox 231 1845 340 1876; x_wconf 88' lang='lat' dir='ltr'><strong>natum</strong></span> <span class='ocrx_word' id='word_1_302' title='bbox 355 1852 442 1875; x_wconf 86' lang='lat' dir='ltr'><strong>esse.</strong></span> <span class='ocrx_word' id='word_1_303' title='bbox 491 1839 561 1874; x_wconf 89' lang='lat' dir='ltr'><strong>Iste</strong></span> <span class='ocrx_word' id='word_1_304' title='bbox 577 1840 677 1886; x_wconf 78' lang='lat' dir='ltr'><strong>igitur</strong></span> <span class='ocrx_word' id='word_1_305' title='bbox 693 1838 846 1873; x_wconf 83' lang='lat' dir='ltr'><strong>Ioazarus</strong></span> <span class='ocrx_word' id='word_1_306' title='bbox 868 1836 1023 1871; x_wconf 85' lang='lat' dir='ltr'><strong>sacerdos</strong></span> <span class='ocrx_word' id='word_1_307' title='bbox 1044 1848 1107 1871; x_wconf 88' lang='lat' dir='ltr'><strong>una</strong></span> <span class='ocrx_word' id='word_1_308' title='bbox 1128 1848 1199 1871; x_wconf 88' lang='lat' dir='ltr'><strong>cum</strong></span> <span class='ocrx_word' id='word_1_309' title='bbox 1213 1837 1297 1873; x_wconf 86' lang='lat' dir='ltr'><strong>Iuda</strong></span> <span class='ocrx_word' id='word_1_310' title='bbox 1316 1838 1383 1873; x_wconf 85' lang='lat' dir='ltr'><strong>filio</strong></span> <span class='ocrx_word' id='word_1_311' title='bbox 1406 1851 1516 1875; x_wconf 86' lang='lat' dir='ltr'><strong>eomes</strong></span> <span class='ocrx_word' id='word_1_312' title='bbox 1531 1839 1678 1887; x_wconf 84' lang='lat' dir='ltr'><strong>Iosepho</strong></span> <span class='ocrx_word' id='word_1_313' title='bbox 1693 1840 1729 1877; x_wconf 72' lang='lat' dir='ltr'><strong>in</strong></span> 
     </span>
     <span class='ocr_line' id='line_1_30' title="bbox 231 1901 1730 1953; baseline -0.001 -13"><span class='ocrx_word' id='word_1_314' title='bbox 231 1905 428 1953; x_wconf 87' lang='lat' dir='ltr'><strong>provinciam</strong></span> <span class='ocrx_word' id='word_1_315' title='bbox 452 1915 524 1937; x_wconf 89' lang='lat' dir='ltr'><strong>cum</strong></span> <span class='ocrx_word' id='word_1_316' title='bbox 552 1904 688 1950; x_wconf 88' lang='lat' dir='ltr'><strong>imperio</strong></span> <span class='ocrx_word' id='word_1_317' title='bbox 711 1902 933 1949; x_wconf 84' lang='lat' dir='ltr'><strong>proficiscenti</strong></span> <span class='ocrx_word' id='word_1_318' title='bbox 961 1901 1091 1935; x_wconf 86' lang='lat' dir='ltr'><strong>additus</strong></span> <span class='ocrx_word' id='word_1_319' title='bbox 1113 1901 1188 1945; x_wconf 84' lang='lat' dir='ltr'><strong>(vit.</strong></span> <span class='ocrx_word' id='word_1_320' title='bbox 1204 1904 1238 1935; x_wconf 89' lang='lat'><strong>7.</strong></span> <span class='ocrx_word' id='word_1_321' title='bbox 1250 1901 1294 1935; x_wconf 92' lang='lat' dir='ltr'><strong>B.</strong></span> <span class='ocrx_word' id='word_1_322' title='bbox 1308 1902 1338 1936; x_wconf 93' lang='lat' dir='ltr'><strong>I.</strong></span> <span class='ocrx_word' id='word_1_323' title='bbox 1354 1905 1386 1946; x_wconf 85' lang='lat'><strong>2,</strong></span> <span class='ocrx_word' id='word_1_324' title='bbox 1404 1905 1461 1947; x_wconf 89' lang='grc'><strong>21,</strong></span> <span class='ocrx_word' id='word_1_325' title='bbox 1481 1907 1515 1939; x_wconf 91' lang='grc'><strong>7.</strong></span> <span class='ocrx_word' id='word_1_326' title='bbox 1533 1904 1578 1938; x_wconf 81' lang='lat' dir='ltr'><strong>cf.</strong></span> <span class='ocrx_word' id='word_1_327' title='bbox 1599 1906 1659 1948; x_wconf 87' lang='lat'><strong>20,</strong></span> <span class='ocrx_word' id='word_1_328' title='bbox 1674 1905 1730 1950; x_wconf 78' lang='lat'><strong>4.)</strong></span> 
     </span>
     <span class='ocr_line' id='line_1_31' title="bbox 231 1966 1730 2014; baseline 0.001 -11"><span class='ocrx_word' id='word_1_329' title='bbox 231 1979 307 2003; x_wconf 82' lang='lat' dir='ltr'><strong>mox</strong></span> <span class='ocrx_word' id='word_1_330' title='bbox 320 1967 465 2014; x_wconf 82' lang='lat' dir='ltr'><strong>quidem,</strong></span> <span class='ocrx_word' id='word_1_331' title='bbox 490 1966 656 2013; x_wconf 85' lang='lat' dir='ltr'><strong>paulisper</strong></span> <span class='ocrx_word' id='word_1_332' title='bbox 665 1966 711 1999; x_wconf 91' lang='lat' dir='ltr'><strong>ibi</strong></span> <span class='ocrx_word' id='word_1_333' title='bbox 723 1968 956 2007; x_wconf 84' lang='lat' dir='ltr'><strong>commoratus,</strong></span> <span class='ocrx_word' id='word_1_334' title='bbox 981 1968 1018 1998; x_wconf 91' lang='lat' dir='ltr'><strong>ut</strong></span> <span class='ocrx_word' id='word_1_335' title='bbox 1032 1968 1103 1998; x_wconf 85' lang='lat' dir='ltr'><strong>erat</strong></span> <span class='ocrx_word' id='word_1_336' title='bbox 1116 1968 1331 2009; x_wconf 84' lang='lat' dir='ltr'><strong>quaestuosus</strong></span> <span class='ocrx_word' id='word_1_337' title='bbox 1347 1966 1444 2000; x_wconf 88' lang='lat' dir='ltr'><strong>homo</strong></span> <span class='ocrx_word' id='word_1_338' title='bbox 1456 1991 1468 2010; x_wconf 87' lang='lat'><strong>,</strong></span> <span class='ocrx_word' id='word_1_339' title='bbox 1493 1967 1608 2013; x_wconf 84' lang='lat' dir='ltr'><strong>grandi</strong></span> <span class='ocrx_word' id='word_1_340' title='bbox 1624 1974 1730 2014; x_wconf 75' lang='lat' dir='ltr'><strong>pecu,-</strong></span> 
     </span>
     <span class='ocr_line' id='line_1_32' title="bbox 230 2026 1737 2073; baseline 0 -6"><span class='ocrx_word' id='word_1_341' title='bbox 230 2030 344 2067; x_wconf 84' lang='lat' dir='ltr'><strong>niaex</strong></span> <span class='ocrx_word' id='word_1_342' title='bbox 362 2030 514 2067; x_wconf 82' lang='lat' dir='ltr'><strong>decumis·</strong></span> <span class='ocrx_word' id='word_1_343' title='bbox 528 2028 650 2065; x_wconf 81' lang='lat' dir='ltr'><strong>exactis</strong></span> <span class='ocrx_word' id='word_1_344' title='bbox 672 2028 829 2071; x_wconf 87' lang='lat' dir='ltr'><strong>collecta,</strong></span> <span class='ocrx_word' id='word_1_345' title='bbox 853 2026 1082 2071; x_wconf 78' lang='lat' dir='ltr'><strong>Hierosolyma</strong></span> <span class='ocrx_word' id='word_1_346' title='bbox 1096 2039 1245 2063; x_wconf 86' lang='lat' dir='ltr'><strong>reversus</strong></span> <span class='ocrx_word' id='word_1_347' title='bbox 1260 2033 1346 2073; x_wconf 85' lang='lat' dir='ltr'><strong>erat,</strong></span> <span class='ocrx_word' id='word_1_348' title='bbox 1369 2029 1426 2064; x_wconf 82' lang='lat' dir='ltr'><strong>vit.</strong></span> <span class='ocrx_word' id='word_1_349' title='bbox 1447 2032 1503 2064; x_wconf 86' lang='grc'><strong>12.</strong></span> <span class='ocrx_word' id='word_1_350' title='bbox 1522 2030 1578 2066; x_wconf 75' lang='lat' dir='ltr'><strong>cll.v</strong></span> <span class='ocrx_word' id='word_1_351' title='bbox 1597 2032 1654 2066; x_wconf 87' lang='lat'><strong>15.</strong></span> <span class='ocrx_word' id='word_1_352' title='bbox 1676 2031 1737 2068; x_wconf 86' lang='lat' dir='ltr'><strong>sed</strong></span> 
     </span>
     <span class='ocr_line' id='line_1_33' title="bbox 228 2090 1735 2143; baseline 0.001 -13"><span class='ocrx_word' id='word_1_353' title='bbox 228 2094 293 2132; x_wconf 74' lang='lat' dir='ltr'><strong>lioc</strong></span> <span class='ocrx_word' id='word_1_354' title='bbox 310 2095 424 2131; x_wconf 83' lang='lat' dir='ltr'><strong>saltem</strong></span> <span class='ocrx_word' id='word_1_355' title='bbox 446 2105 487 2129; x_wconf 81' lang='lat' dir='ltr'><strong>ex</strong></span> <span class='ocrx_word' id='word_1_356' title='bbox 500 2092 588 2128; x_wconf 86' lang='lat' dir='ltr'><strong>brevi</strong></span> <span class='ocrx_word' id='word_1_357' title='bbox 602 2092 666 2127; x_wconf 82' lang='lat' dir='ltr'><strong>ista</strong></span> <span class='ocrx_word' id='word_1_358' title='bbox 681 2090 926 2139; x_wconf 82' lang='lat' dir='ltr'><strong>pereginatione</strong></span> <span class='ocrx_word' id='word_1_359' title='bbox 946 2090 1091 2125; x_wconf 85' lang='lat' dir='ltr'><strong>lucratus</strong></span> <span class='ocrx_word' id='word_1_360' title='bbox 1106 2095 1187 2126; x_wconf 91' lang='lat' dir='ltr'><strong>utet</strong></span> <span class='ocrx_word' id='word_1_361' title='bbox 1200 2092 1389 2138; x_wconf 83' lang='lat' dir='ltr'><strong>provinciae</strong></span> <span class='ocrx_word' id='word_1_362' title='bbox 1409 2093 1673 2143; x_wconf 61' lang='lat' dir='ltr'><strong>motionumque,</strong></span> <span class='ocrx_word' id='word_1_363' title='bbox 1703 2096 1735 2130; x_wconf 89' lang='lat' dir='ltr'><strong>in</strong></span> 
     </span>
    </p>
   </div>
  </div>
 </body>
</html>
