1947 2424
632 188 637 195 ,
972 125 1034 177 ιε
1065 156 1067 159 -

255 231 472 283 ἀρχιερεῖς
489 235 546 270 καὶ
564 240 773 284 γραμματεῖς
794 233 895 271 Mtth.
910 237 944 281 2,
961 237 997 271 4.
1023 238 1080 282 16,
1098 238 1156 273 21.
1178 239 1236 283 20,
1256 238 1313 274 18.
1337 240 1395 283 21,
1417 237 1474 273 15.
1494 237 1603 274 Marc.
1624 240 1682 284 10,
1697 240 1758 275 33.

256 298 392 342 11,’18.
415 300 477 342 14,·
496 301 528 333 1.
554 300 609 344 15,
636 301 695 335 31.
719 300 808 337 Luc.
827 302 863 344 9,
885 301 944 335 22.
970 303 1026 345 19,
1049 303 1109 338 47.
1135 303 1192 347 20,
1213 304 1269 338 19.
1292 304 1349 347 22,
1373 304 1407 338 2.
1431 304 1489 348 23,
1513 304 1571 338 10.
1602 314 1679 339 mox
1711 307 1758 341 οἱ

252 360 471 411 ἀρχιερεῖς
491 364 547 398 καὶ
566 364 603 399 οἱ
623 362 839 413 πρεςβύτεροι
859 362 960 398 Mtth.
984 366 1041 409 27,
1062 366 1098 399 3.
1124 366 1181 400 12.
1205 367 1264 401 20.
1284 366 1378 401 Actt.
1405 369 1441 410 4,
1467 369 1525 402 23.
1549 368 1608 412 23,
1631 369 1689 402 14.
1720 371 1757 404 οἱ

251 424 419 476 ἀρχιερεῖς
432 428 490 463 καὶ
511 429 548 463 οἱ
564 426 783 477 πρεςβύτεροι
797 427 862 465 τοῦ
883 427 972 464 λαοῦ
986 427 1086 463 Mtth.
1103 431 1160 473 21,
1175 430 1234 464 23.
1249 431 1307 474 26,
1322 431 1383 466 47.
1397 431 1456 467 57.
1475 432 1534 475 27,
1552 434 1585 466 l.
1601 431 1647 474 ef.
1658 431 1754 468 Actt.

249 491 308 535 25,
324 491 382 526 15.
403 489 423 527 ὁ
441 489 661 540 ἀρχιερεὺς
676 491 763 539 μετὰ
786 492 853 528 τῶν
872 494 1100 540 πρεςβυτέρων
1111 492 1204 527 Actt.
1222 494 1279 537 24,
1300 498 1332 528 1.
1352 493 1372 530 ὁ
1390 492 1616 544 ἀρχιερεὺς
1635 498 1694 532 καὶ
1717 500 1754 532 οἱ

248 555 377 604 Ιπρῶτοι
399 556 466 591 τῶν
491 553 676 592 Ἰουδαίων.
705 556 752 591 ib.
779 555 837 600 25,
867 556 901 590 2.
933 553 953 590 ὁ
980 552 1150 605 ἀρχιερεὺς
1176 558 1233 592 καὶ
1261 558 1334 593 πᾶν
1360 557 1400 594 τὸ
1436 561 1751 609 πρεςβυτέριον

247 617 295 654 ib.
317 620 374 664 22,
396 620 430 655 5.
455 619 500 654 ef.
520 619 607 655 Lue.
629 622 686 665 22,
709 622 768 655 66.
795 622 831 656 οἱ
854 618 1072 669 ἀρχιερεῖς
1091 622 1149 656 καὶ
1171 619 1252 657 ὅλον
1270 619 1310 657 τὸ
1337 624 1592 672 συνέδριον,
1616 636 1694 660 mox
1710 628 1750 662 ὀἱ

250 684 462 732 ἀρχιερεῖς
481 686 538 720 καὶ
558 687 594 721 οἱ
614 691 820 733 γραμματεῖς
838 686 894 720 καὶ
908 687 944 720 οἱ
962 685 1176 733 πρεςβύτεροι
1196 686 1258 721 τοῦ
1274 687 1359 722 λαοῦ
1374 686 1474 721 Mtth.
1488 689 1545 732 26,
1563 690 1598 723 3.
1614 690 1673 733 27,
1685 692 1746 724 41.

248 746 354 782 Marc.
370 748 404 791 8,
419 749 477 782 31.
502 750 558 792 14,
573 750 632 783 43.
652 749 709 783 53.
734 749 821 783 Lue.
838 749 895 791 20,
914 750 946 781 l.
969 759 1045 781 mox
1066 750 1102 783 οἱ
1130 747 1347 797 ἀρχιερεῖς
1372 751 1430 785 καὶ
1446 748 1665 799 πρεςβύτεροι
1688 754 1746 788 καὶ

247 809 289 846 τὸ
316 812 551 860 συνέδριον
581 810 677 854 ὅλον,
706 811 797 846 ouius
818 814 942 858 partem
965 810 1067 845 fuisse
1089 810 1287 846 Pharisaeos
1312 811 1405 847 Actt.
1428 813 1463 857 5,
1486 815 1544 848 34.
1567 815 1625 858 23,
1650 816 1686 849 6.
1707 817 1743 850 9.

247 874 384 917 doeent3
411 877 446 910 οἱ
466 874 674 923 ἀρχιερεῖς
695 876 753 910 καὶ
767 877 801 910 οἱ
812 872 1026 923 πρεςβύτεροι
1040 876 1097 910 καὶ
1111 877 1146 909 οἱ
1162 882 1369 923 γραμματεῖς
1383 878 1440 912 καὶ
1454 876 1534 913 ὅλον
1548 876 1589 913 τὸ
1611 882 1740 914 συνέ-

246 939 369 986 δριον
390 937 497 973 Marc.
517 938 573 982 15,
596 941 629 973 1.
658 939 692 973 οἱ
718 935 926 987 ἀρχιερεῖς
952 939 1009 973 καὶ
1028 936 1109 974 ὅλον
1131 936 1171 973 τὸ
1203 940 1439 987 συνέδριον
1460 939 1575 980 Mare.
1600 943 1657 985 14,
1680 942 1740 976 55.

245 1013 320 1036 mox
342 1004 377 1037 οἱ
399 999 609 1050 ἀρχιερεῖς
632 1003 689 1037 καὶ
710 1003 747 1036 οἱ
765 999 923 1050 ἄρχοντες
943 1000 1036 1049 ἡμῶν
1059 1000 1146 1035 Luc.
1164 1004 1222 1045 23,
1241 1004 1296 1036 13.
1313 1004 1371 1046 24,
1392 1005 1451 1037 20.
1479 1006 1515 1039 οἱ
1534 1002 1741 1051 ἄρχοντες

243 1067 299 1102 καὶ
327 1067 362 1103 οἱ
389 1072 563 1115 φαρισαῖοι
587 1064 661 1100 Ioh.
679 1066 713 1109 7,
734 1066 794 1100 48.
841 1063 957 1112 Neque
978 1076 1054 1099 vero
1081 1064 1216 1100 fortuita
1237 1065 1301 1101 suit
1322 1071 1378 1101 aut
1399 1067 1601 1114 singulorum
1620 1068 1738 1105 virtute

243 1133 337 1175 parta
361 1133 394 1163 et
417 1129 459 1162 ad
484 1132 608 1175 tempus
637 1128 780 1162 stabilita
802 1128 1151 1174 archipresbyterorum
1174 1133 1264 1162 tanta
1285 1129 1344 1162 illa
1363 1141 1443 1175 prae
1462 1130 1663 1166 Pontificatu
1685 1132 1749 1166 di·-

242 1192 349 1239 gnitas
382 1196 479 1238 atque
506 1192 700 1235 auctoritas,
732 1190 791 1225 sed
824 1195 945 1226 mutato
979 1191 1036 1224 snb
1064 1191 1219 1238 auspiciis
1246 1191 1466 1227 Romanorum
1497 1197 1593 1240 atque
1623 1194 1738 1230 Hero-

242 1255 373 1289 diadum
399 1259 485 1289 statu
510 1255 710 1289 theoeratiae
738 1254 892 1288 Iudaicae
920 1254 1039 1288 factum
1072 1258 1147 1297 est,
1185 1258 1223 1288 ut
1249 1255 1300 1287 illi
1326 1256 1391 1300 ipsi
1418 1256 1495 1290 Iesu
1525 1260 1559 1290 et
1582 1258 1737 1303 Aposto-

240 1319 345 1353 lorum
387 1321 493 1352 aetate
531 1328 571 1357 ae
598 1316 733 1364 Ioseplii
770 1316 940 1363 scriptoris
978 1316 1083 1351 adhue
1123 1320 1268 1363 tempore
1301 1317 1471 1364 plurimum
1501 1319 1535 1353 in
1566 1321 1735 1367 republica

240 1381 413 1427 pollerent.
470 1379 604 1414 Etenim
632 1385 665 1415 et
693 1380 913 1415 Romanorum
940 1380 1109 1426 imperium
1141 1381 1234 1414 unius
1269 1380 1519 1416 dominationem
1554 1384 1732 1418 seeundum

237 1445 348 1478 tritum
367 1443 466 1477 illud:
493 1443 599 1477 divide
628 1448 660 1477 et
686 1444 828 1489 impera,
854 1454 950 1488 aegre
975 1442 1120 1486 ferebat,
1146 1443 1240 1477 Antt.
1265 1446 1321 1486 14,
1346 1445 1378 1486 5,
1403 1447 1439 1478 4.
1461 1445 1504 1478 Β.
1525 1445 1556 1479 I.
1581 1450 1614 1490 l,
1638 1449 1673 1490 8,
1697 1449 1731 1481 5.

240 1512 273 1542 et
292 1505 515 1541 Herodiadum
534 1507 700 1551 tyrannica
720 1506 855 1540 libidine
875 1518 1029 1541 summum
1048 1506 1136 1541 inter
1154 1506 1295 1541 Iudaeos
1315 1506 1479 1553 fastigium
1499 1508 1584 1543 adeo
1606 1510 1641 1544 in
1661 1511 1732 1545 dies

241 1571 445 1612 decreverat,
476 1573 512 1603 ut
527 1580 621 1615 quum
637 1569 744 1603 edicto
759 1570 850 1614 regio
867 1569 907 1604 de
916 1570 1026 1604 .caede
1041 1569 1212 1604 Pontifieis
1226 1570 1382 1617 patranda
1400 1569 1495 1605 Sauli
1505 1572 1587 1607 olim
1602 1575 1734 1608 satelli-

239 1639 289 1669 tes
302 1645 381 1680 prae
395 1632 519 1679 pudore
539 1644 578 1666 ae
598 1632 779 1666 reverentia
797 1632 1014 1676 restitissent,
1042 1633 1154 1679 (Antt.
1170 1635 1204 1677 6,
1223 1635 1277 1677 12,
1293 1635 1327 1667 6.
1351 1637 1366 1667 l
1386 1632 1478 1668 Sam.
1494 1636 1552 1680 22,
1570 1638 1624 1683 6.)
1641 1638 1733 1672 eius-

239 1699 311 1733 dem
332 1709 373 1732 ne
392 1697 506 1731 hausto
531 1696 657 1742 quidem
677 1696 832 1741 sanguine
855 1696 1033 1730 zelotarum
1055 1697 1238 1731 immanitas
1261 1697 1444 1732 satiaretur.
1494 1698 1611 1746 Itaque
1626 1701 1732 1735 forma

236 1761 436 1798 theocratiae
457 1761 544 1795 inter
562 1759 704 1794 Iudaeos
726 1758 933 1794 monarchica
953 1764 1030 1807 post
1047 1759 1192 1796 Herodis
1206 1761 1256 1796 M.
1272 1766 1407 1796 mortem
1429 1766 1463 1797 et
1474 1762 1633 1798 Archelai
1654 1765 1731 1799 eth-

236 1825 374 1859 narchae
389 1824 520 1858 exilium
531 1824 567 1857 iu
580 1824 816 1857 aristocratiam
831 1826 981 1865 verterat,
996 1826 1118 1857 summa
1128 1836 1235 1858 rerum
1244 1837 1264 1858 a
1273 1825 1433 1859 Pontifice
1439 1825 1489 1859 M.
1499 1826 1541 1859 ad
1555 1828 1730 1873 optimates

237 1887 440 1924 sacerdotum
460 1898 519 1922 seu
539 1877 835 1934 archipresbjtems
859 1885 966 1920 delata
986 1890 1082 1933 atque
1105 1887 1282 1923 sacerdotii
1297 1899 1416 1923 occasu
1431 1900 1492 1936 per
1506 1890 1619 1925 orbem
1636 1892 1731 1938 quasi

236 1952 278 1987 ad
296 1956 385 1986 ortus
406 1951 456 1984 sui
476 1951 635 1984 elementa
650 1950 708 1983 sub
722 1948 819 1983 Mose
841 1949 1067 1984 aristocratica
1085 1951 1244 1985 revoluto.
1293 1951 1345 1985 Ita
1362 1952 1447 1985 enim
1466 1952 1601 1988 disertis
1621 1956 1732 1990 verbis

235 2013 394 2062 Iosephus
402 2013 496 2048 Antt.
504 2014 562 2057 20,
572 2013 629 2057 10,
639 2012 660 2047 5
669 2017 769 2047 extr-z
793 2009 893 2048 Μετὰ
909 2012 949 2048 δὲ
968 2010 1032 2061 τὴν
1043 2010 1175 2049 τούτων
1188 2033 1237 2039 -
1246 2012 1405 2064 Ἡρώδου
1417 2017 1579 2062 βασιλέως
1589 2016 1735 2069 καὶῗΑρή

232 2077 355 2124 χελάου
372 2078 435 2114 τοῦ
450 2075 576 2120 παιδὸς
590 2074 697 2112 αὐτοῦ
708 2096 758 2102 -
770 2074 923 2123 τελευτὴν
941 2075 992 2124 ἀρ
1001 2080 1251 2125 ιστοκρατία
1264 2081 1328 2124 μὲν
1340 2078 1418 2127 ἧνὴ
1434 2082 1600 2124 πολιτεία,
1613 2080 1675 2130 τὴν
1688 2084 1733 2118 δὲ

236 2141 449 2193 προστασίαν
462 2140 531 2178 τοῦ
540 2140 718 2183 ἔθνους-ὀἱ
735 2136 950 2189 ἀρχιερεῖς
963 2140 1207 2177 πεπίστευνται.
1230 2140 1276 2177 cf.
1289 2141 1337 2178 ib.
1354 2145 1387 2179 1.
1403 2144 1437 2189 6,
1455 2143 1490 2190 5,
1502 2145 1539 2181 4.
1553 2146 1611 2183 ἐπὶ
1622 2147 1729 2184 Mun?-

1334 2207 1361 2242 C
